3138 4872
284 405 345 470 158
762 404 826 460 Otto
845 403 957 460 (imsius

285 579 387 665 quinti
409 577 529 646 saeculi
550 575 726 644 locutiones
747 575 958 660 interpolatae
979 579 1112 658 possunt
1134 593 1215 657 esso,
1237 573 1284 640 ita
1303 573 1433 640 alterius
1544 535 1545 574 ς

285 700 411 767 quoque
434 687 466 748 et
486 678 590 765 primi.

369 784 474 865 Atque
504 780 546 848 ad
573 779 656 846 hano
678 777 858 862 opinionem
880 796 914 844 re
936 796 1014 844 uera
1038 775 1188 862 delapsus
1212 779 1260 843 est
1281 773 1434 859 Nabar,
1544 827 1545 836 ,

286 883 340 970 qni
360 877 414 950 ‘de
436 881 554 949 tabulis
576 869 749 963 Aesopicia'
775 879 906 962 longam
928 882 960 945 et
982 871 1110 945 doctam
1132 874 1434 946 commentationem
1544 879 1545 960 ,

286 992 399 1068 quarto
420 986 644 1067 Mnemosynen
673 979 828 1048 uolumini
858 978 900 1063 (a.
928 978 1023 1064 1876)
1050 978 1192 1047 inseruit.
1244 976 1434 1046 Uuiuersam

286 1087 370 1155 enim
399 1085 518 1152 codicis
539 1080 637 1148 Athoi
659 1081 875 1148 recensionem
898 1101 918 1146 a
939 1079 1095 1148 monachu
1121 1078 1277 1164 quodam,
1305 1084 1435 1164 poetam

286 1187 425 1254 Athoum
448 1205 543 1268 quem
561 1183 714 1265 nominat,
737 1187 813 1248 ante
828 1201 911 1248 saec.
927 1203 958 1266 p.
974 1180 1047 1248 Chr.
1062 1203 1092 1248 n.
1108 1181 1157 1246 XI
1171 1181 1349 1248 confectam
1364 1198 1435 1248 esse

287 1289 399 1355 statuit
420 1306 492 1352 cnm
514 1284 665 1365 Cobet01)
689 1281 733 1368 (p.
747 1287 807 1348 401
824 1284 897 1368 sq.)‚
921 1283 976 1365 qui
998 1302 1062 1350 non
1083 1282 1177 1349 modo
1200 1282 1301 1348 uerba
1319 1287 1435 1366 poetae

284 1383 376 1455 ‘satis
399 1377 529 1468 antiqui
547 1385 665 1467 ubique
687 1383 867 1468 mutauerit,
890 1384 948 1452 sed
962 1384 1059 1451 etiam
1073 1384 1178 1469 ipsum
1193 1389 1329 1450 metrum
1344 1389 1435 1450 uetus

286 1489 353 1558 fere
382 1485 671 1574 Hipponaoaum2)
699 1485 841 1554 funditus
870 1485 1035 1569 auerterit,
1067 1491 1099 1551 et
1127 1505 1243 1552 nouum
1272 1484 1353 1553 illud
1380 1483 1436 1568 (ex

289 1609 351 1673 quo
373 1590 407 1657 in
428 1589 537 1672 quinto
558 1588 644 1674 pede
666 1589 826 1673 spondeus
848 1587 975 1671 uitetur,
1001 1586 1217 1671 paenultimae
1238 1606 1349 1654 uersus
1370 1588 1434 1672 syl-

286 1692 383 1760 labae
405 1695 554 1759 acoentus
576 1690 741 1773 tribuatur,
763 1689 876 1756 ultima
897 1685 1103 1772 producatur)
1129 1686 1207 1753 satis
1229 1685 1435 1754 artificiosum

286 1793 452 1861 inuenerit.
503 1793 575 1859 Non
603 1791 674 1857 dico
702 1791 815 1856 miram
845 1808 917 1857 esse
944 1793 1058 1874 poetae
1087 1787 1174 1856 illius
1200 1789 1299 1856 Athci
1326 1789 1434 1856 mode·
1544 1859 1545 1882 ,

286 1895 398 1978 stiam,
434 1893 489 1976 qui
523 1897 692 1978 postquam
726 1890 838 1957 labore
865 1890 1054 1974 grauissimo
1082 1890 1164 1956 alius
1196 1910 1308 1957 uersus
1341 1891 1434 1958 nimis

285 1985 458 2062 ‘horridos'
483 1993 516 2058 in
543 1993 678 2058 formam
707 1992 803 2075 plane
831 2013 947 2059 nouam
977 1996 1009 2059 et
1037 2011 1109 2059 eam
1139 1989 1350 2058 difficiliorem
1372 1994 1434 2060 ele·

287 2095 543 2181 gentionemque,
572 2111 636 2174 qua
665 2091 745 2157 nihil
774 2098 822 2158 est
851 2099 906 2158 aut
933 2093 1049 2178 agilius
1071 2099 1127 2161 aut
1149 2092 1251 2176 magis
1274 2112 1433 2177 canorum,

288 2192 570 2277 transformauitil,
592 2214 707 2260 nomen
729 2214 821 2260 suum
835 2194 971 2278 posteris
986 2192 1070 2260 tradi
1088 2193 1281 2261 noluerit-
1297 2193 1366 2260 fieri
1380 2214 1433 2278 po-

288 2302 352 2364 test
372 2301 408 2362 ut
429 2301 484 2362 aut
505 2294 579 2360 talis
601 2293 696 2361 homo
719 2296 751 2360 in
769 2300 855 2362 terra
868 2295 985 2362 uixerit
1002 2303 1059 2362 aut
1073 2295 1185 2362 Babrii
1198 2315 1313 2362 nomen
1328 2295 1434 2362 nescio

290 2417 352 2483 quo
368 2416 444 2464 casu
459 2399 619 2462 seruatum
634 2395 742 2463 situel
757 2397 927 2486 irrepserit,
940 2403 1055 2480 poetae
1067 2397 1293 2464 ouanuerit-z
1308 2396 1435 2478 singula

290 2499 411 2566 Nabcri
439 2504 627 2580 argumenta
655 2517 751 2579 quam
772 2497 835 2563 sint
858 2498 943 2564 leuia
964 2499 1074 2582 paucis
1097 2497 1265 2566 ostendere
1287 2497 1433 2564 conabor.

373 2600 505 2665 Pactam
517 2592 609 2665 ‘satis
631 2591 803 2682 antiquum'
827 2599 981 2666 Babrium
1003 2599 1101 2666 fnisse
1122 2600 1212 2684 ponit
1232 2606 1320 2666 certa
1340 2599 1433 2666 ratio-

289 2699 446 2768 cinatione
468 2720 530 2767 non
552 2720 638 2785 usus,
660 2700 772 2768 sedin
795 2700 928 2766 transitu
951 2700 1054 2766 solum
1076 2701 1202 2768 duobus
1216 2699 1297 2766 locis
1313 2699 1356 2785 (p.
1373 2703 1433 2764 423

289 2809 322 2872 ct
344 2800 419 2886 422)
441 2801 660 2883 quaestionem
681 2801 780 2884 illam,
803 2818 844 2866 cx
867 2821 930 2885 qua
953 2801 1059 2868 omnia
1080 2800 1230 2886 pendent,
1253 2802 1345 2885 quasi
1367 2809 1434 2868 tan·

289 2923 377 2988 gens.
427 2903 536 2969 Priore
565 2901 609 2986 (p.
637 2900 712 2984 423)
738 2895 886 2969 ‘fabulae
916 2905 956 2967 20
984 2903 1120 2971 disiecta
1146 2894 1301 2970 mambra³
1333 2901 1435 2986 inquit

286 3000 500 3072 ‘inueniuntur
527 3002 614 3086 apud
641 3001 790 3069 Photinm
813 3001 844 3068 in
867 3003 981 3070 lexico.
1025 3003 1133 3069 Habet
1157 3023 1229 3070 eam
1250 3003 1435 3070 Patriaroha
1543 3007 1544 3010 ’

282 3103 504 3186 1ιωῐὶεἰιῃὶἰίῐθτ
530 3122 548 3168 e
570 3103 744 3184 Pausania,
773 3121 868 3184 quem
898 3105 1065 3185 aequalem
1087 3105 1186 3172 fuisse
1207 3105 1329 3172 conicio
1351 3105 1435 3172 Aelii

290 3204 454 3289 Dionysii,
484 3203 539 3287 qui
565 3208 708 3288 tempore
736 3203 842 3271 floruit
868 3206 1108 3273 Antoninorum.
1153 3206 1236 3274 Hinc
1258 3211 1313 3273 aut
1335 3207 1434 3273 fallax

289 3307 470 3375 coniectura
498 3311 561 3386 est,
592 3323 674 3387 qnae
703 3311 809 3372 tamen
837 3307 978 3391 speciem
1000 3309 1113 3392 babet,
1141 3313 1196 3373 aut
1218 3307 1353 3374 Babrius
1376 3307 1435 3375 fnit

288 3409 452 3476 Hadriano
475 3397 648 3472 uetustior'.
690 3407 771 3474 Vide
793 3409 898 3493 modo,
921 3429 1017 3492 quam
1040 3409 1185 3476 celeriter
1207 3429 1248 3476 ex
1267 3408 1434 3476 Antoninis

288 3512 344 3580 fiat
360 3507 552 3592 Hadrianus,
575 3514 608 3574 et
630 3527 694 3590 qua
707 3508 825 3578 fiducia
839 3511 985 3594 Babrius,
1009 3511 1063 3593 qni
1078 3509 1192 3578 eadem
1207 3510 1434 3596 probabilitate

266 3715 273 3724 '
376 3715 400 3775 l)
418 3709 511 3765 Oratio
529 3708 562 3764 de
579 3713 639 3765 arte
655 3709 852 3780 interpretandi
868 3715 947 3780 pall.
963 3715 1010 3766 154
1021 3727 1079 3781 sqq.
1106 3711 1266 3768 Aduersarii
1277 3714 1369 3782 partes
1382 3711 1435 3781 egit

287 3794 341 3848 iam
358 3793 466 3848 Hecker
483 3793 579 3850 Philol.
590 3795 615 3850 V
624 3811 651 3865 p.
664 3799 713 3850 490
724 3811 780 3864 sqq.

375 3881 400 3941 2)
418 3877 510 3946 Longe
527 3879 606 3934 aliter
624 3878 741 3934 chatua
758 3895 785 3948 p.
797 3883 895 3950 156sq.

375 3963 401 4025 3)
419 3961 456 4014 Et
477 3961 537 4030 ipsa
559 3964 747 4033 prooemia-
766 3979 880 4034 quorum
902 3963 932 4019 in
955 3964 1040 4019 altero
1065 3964 1099 4020 de
1122 3965 1203 4020 rebus
1224 3965 1304 4034 plane
1321 3963 1434 4033 priuatis

289 4044 489 4186 Βαέᾱτὶἱζξῐῑιιι
506 4075 539 4086 -·
555 4047 735 4117 magistellum
752 4049 828 4104 illum
845 4049 897 4104 bac
915 4049 1021 4106 ratione
1043 4051 1209 4105 retractasse
1226 4048 1287 4118 quis
1305 4047 1358 4105 sibi
1374 4063 1434 4118 per·

288 4145 321 4188 su
358 4143 372 4184 a
391 4145 400 4182 r
