3138 4872
267 393 330 456 148
747 393 810 448 Otto
829 392 940 448 drusius

266 567 398 654 protulit
412 587 442 653 p.
452 570 514 633 389
526 585 595 650 sqq.
618 566 781 631 Profectus
797 569 846 632 est
860 569 966 631 autem
982 585 1002 630 a
1017 563 1128 629 fabula
1143 566 1193 646 85,
1210 581 1306 644 quam
1321 561 1418 628 simili

268 651 534 754 atque'Bergkius
546 673 579 735 et
591 666 747 748 Hecker1)
764 666 886 732 ratione
901 666 1140 750 interpretatur:
1155 685 1230 730 nom
1243 683 1315 730 cnm
1330 664 1418 730 canis

267 771 314 836 ibi
335 771 485 837 Achaeus
507 791 620 837 cenum
642 767 783 835 omnium
806 765 1036 851 (Cretensium,
1064 767 1291 847 Molossorum,
1321 766 1417 831 Acar-

268 872 463 955 nanicorum,
486 869 689 957 Cypriorum)
713 869 778 934 dux
800 867 842 934 sit
864 869 897 934 in
921 869 1006 934 bello
1029 873 1139 934 contra
1161 868 1253 951 lupos
1275 865 1417 951 gerendo

268 981 364 1055 atque
387 973 428 1040 de
451 967 667 1058 ἂνομοιότητι
689 991 802 1037 canum
818 977 976 1052 queratur,
999 969 1151 1035 Rubrium
1168 989 1206 1035 eo
1221 966 1419 1052 significasse

268 1074 381 1142 foedus
405 1073 578 1140 Achaicum
608 1072 792 1154 bellumque
820 1072 927 1138 nescio
957 1069 1043 1153 quod
1067 1071 1109 1136 ab
1131 1069 1271 1137 Achaeis
1292 1076 1418 1154 gestum

269 1170 358 1258 l‘den
372 1174 598 1258 Todeshampf
610 1172 668 1240 der
682 1172 901 1240 hellenischen
917 1171 1068 1254 Freiheit,
1084 1171 1137 1239 die
1152 1173 1224 1238 Zeit
1238 1170 1296 1238 des
1312 1172 1417 1238 achai-

269 1275 366 1344 schen
389 1268 530 1343 Bundes’
556 1297 586 1360 p.
610 1274 697 1356 389).
742 1275 821 1341 Cum
844 1280 951 1340 autem
974 1279 1006 1340 et
1028 1275 1138 1359 lingua
1159 1274 1290 1340 alterius
1312 1273 1419 1359 potius

270 1397 366 1460 quum
388 1377 472 1443 tertii
494 1398 523 1443 a.
540 1376 612 1442 Ohr.
629 1399 658 1443 n.
682 1377 803 1444 saeculi
825 1376 867 1442 sit
889 1382 921 1442 et
943 1375 1070 1459 plurimi
1085 1376 1229 1442 homines
1245 1374 1331 1442 docti
1347 1380 1419 1459 post

268 1479 359 1546 illam
382 1484 521 1546 aetatem
536 1478 687 1544 Babrium
709 1479 829 1546 uixisse
852 1478 1043 1561 existiment,
1066 1497 1174 1561 regem
1191 1477 1330 1561 aliquem
1346 1478 1419 1542 Ale·

270 1581 426 1646 xandrum
456 1579 608 1665 (prooem.
631 1581 676 1664 II,
703 1581 735 1664 l)
758 1579 976 1663 quaerendum
999 1598 1086 1663 esse,
1116 1579 1171 1663 qui
1199 1579 1320 1644 ultimis
1342 1579 1419 1644 belli

270 1683 402 1749 Achaici
423 1685 618 1768 temporibus
640 1685 673 1748 in
700 1683 795 1767 Syria
817 1681 1012 1765 regnauerit:
1036 1701 1109 1748 eum
1131 1701 1203 1748 esse
1225 1700 1323 1748 unum
1346 1681 1419 1746 Ale·

269 1784 427 1851 xandrum
450 1785 465 1849 Ι
490 1785 612 1851 Belem.

355 1887 457 1953 Huius
479 1885 703 1970 disputationis
728 1883 819 1966 quasi
842 1882 938 1949 cardo
960 1888 1106 1950 uersatur
1127 1883 1159 1947 in
1183 1904 1237 1966 co,
1268 1883 1355 1965 quod
1377 1883 1418 1948 ad

270 1987 438 2054 concilium
460 1986 634 2053 Achaicum
663 1985 727 2052 fab.
752 1989 791 2050 85
817 1986 960 2051 refertur.
1007 1983 1073 2051 Sed
1101 1985 1129 2050 si
1160 1985 1290 2066 quidem
1319 1983 1359 2052 de
1382 2005 1419 2051 eo

270 2088 423 2170 cogitauit
450 2092 561 2172 poeta,
591 2107 646 2153 our
667 2087 868 2153 Achaeorum
895 2087 998 2152 socios
1025 2085 1210 2171 primarioS,
1238 2087 1420 2170 Thebanos,

270 2189 418 2272 Boeotos,
441 2187 678 2271 Chalcidenses,
701 2189 792 2272 alios,
813 2208 876 2255 non
892 2189 1160 2272 commemorauit,
1176 2189 1255 2255 satis
1270 2190 1421 2256 obscuros

270 2290 344 2357 illos
365 2290 587 2374 ignobilesque
609 2291 750 2375 Dolopes
778 2295 809 2356 et
831 2291 1016 2355 Acarnanes
1039 2288 1092 2372 (cf.
1116 2290 1281 2356 Kellerum
1303 2311 1334 2375 p.
1359 2286 1420 2356 389

271 2390 343 2458 adn.
365 2391 438 2475 194)
460 2392 657 2458 nominauit?
694 2390 757 2458 dur
772 2391 938 2474 Molossos,
961 2391 1112 2475 Thraces,
1137 2393 1280 2477 Cyprios,
1304 2393 1421 2476 quibus

270 2493 351 2559 nihil
366 2511 506 2574 unquam
521 2499 672 2575 quantum
688 2493 753 2560 scio
770 2513 841 2558 cum
861 2492 999 2559 Achaeis
1020 2493 1068 2562 rei
1090 2493 1171 2559 fnit?
1209 2495 1274 2561 Sed
1296 2494 1420 2561 leuiora

271 2596 352 2661 haec
366 2595 546 2661 mittamus:
560 2595 666 2678 ipsum
680 2594 809 2661 tabulae
825 2599 1046 2676 argumentum
1062 2593 1238 2675 quadretne
1254 2596 1287 2661 in
1296 2589 1422 2662 ‘ultima

272 2696 433 2763 societatis
448 2697 609 2763 Achaicae
631 2688 783 2782 tempora’
808 2696 984 2762 uideamus.
1022 2695 1171 2774 Queritur
1188 2697 1253 2764 dux
1269 2718 1298 2764 u.
1317 2703 1336 2764 o
1352 2715 1421 2778 sqq.

270 2796 312 2866 de
335 2789 550 2885 ἇνομοιότητι
573 2817 701 2865 oenum:

400 2894 567 2986 ...ἡμῶν
591 2891 625 2964 d'
652 2885 759 2984 ἦλθον
782 2901 815 2963 οἳ
837 2898 896 2981 μὲν
920 2895 955 2964 ἐκ
978 2897 1108 2986 Κρήτης

338 3013 365 3062 10
401 3002 434 3065 οἳ
457 2992 488 3064 d'
515 2997 550 3064 ἐκ
571 3001 765 3066 Μολοσσῶν
788 2999 882 3079 εἰσιν,
906 3003 938 3065 οἳ
962 2993 994 3064 d'
1010 2993 1219 3086 Ἀκαρνάνων
1240 3002 1308 3066 κτλ.

271 3101 362 3180 Quae
385 3101 428 3167 ad
450 3101 648 3167 inimicitiam
671 3101 997 3171 Lacedaemoniorum
1019 3103 1219 3188 potissimum
1241 3111 1273 3171 et
1297 3101 1420 3169 Achae-

272 3221 362 3268 orum
384 3203 509 3286 Keller,
533 3207 567 3268 ut
594 3203 719 3268 uidetur
729 3202 771 3286 2),
796 3203 967 3292 referende
992 3225 1063 3273 esse
1085 3212 1192 3290 putat:
1222 3205 1421 3292 prauissime,

241 3397 245 3406 ,
360 3373 384 3436 t)
402 3369 430 3424 Is
447 3369 463 3422 l.
480 3385 502 3424 s.
520 3385 542 3424 s.
559 3386 586 3439 p.
602 3375 652 3424 488
678 3375 879 3439 argumentum,
901 3373 974 3442 quod
997 3373 1078 3440 longa
1095 3371 1278 3441 disputatione
1296 3372 1423 3441 exposuit

271 3455 378 3521 Keller,
401 3455 497 3523 pauci·
519 3460 624 3510 tuntum
648 3455 833 3512 adumbrauit:
860 3459 952 3527 itaque
977 3475 1038 3514 eum
1056 3457 1163 3512 Kellero
1186 3458 1355 3526 potissimum
1378 3472 1421 3511 res

271 3543 338 3596 mibi
355 3545 406 3596 est.

358 3631 384 3693 2)
401 3625 454 3680 Vix
462 3624 529 3680 certi
541 3625 684 3694 quicquam
696 3639 730 3680 ex
741 3626 875 3695 perplexis
885 3627 944 3682 eius
953 3626 1042 3680 uerbis
1052 3625 1150 3691 elicies,
1161 3641 1230 3695 quoe
1239 3643 1264 3696 p.
1276 3629 1325 3681 389
1335 3626 1423 3680 media

271 3712 412 3780 leguntur:
429 3705 447 3766 ‘.
459 3752 465 3764 .
478 3750 483 3763 .
494 3709 622 3764 utbrend
646 3709 765 3779 dagegen
783 3711 826 3766 die
843 3710 1076 3766 Lakedaemonier
1093 3711 1142 3764 mit
1158 3711 1232 3765 ihrer
1250 3710 1421 3775 kleinlicben‚

272 3795 465 3863 engheraigen,
493 3810 545 3849 von
568 3794 672 3850 blinder
696 3794 852 3851 Eilersucht
872 3795 1015 3865 geleiteten
1040 3794 1140 3850 Politilr
1164 3793 1290 3864 ningends
1314 3794 1421 3849 werden

272 3878 463 3950 sympathieen
479 3878 608 3934 besesscn
625 3879 722 3935 heheu.
750 3880 854 3935 Durum
869 3879 996 3947 schweigt
1008 3880 1038 3932 Β.
1051 3895 1103 3934 von
1116 3880 1168 3936 den
1180 3879 1423 3948 ansgereichneten

271 3962 450 4019 lakonischen
467 3963 601 4020 Hunden.
615 4005 639 4019 ..
674 3963 752 4020 Muss
770 3965 846 4020 nicht
863 3964 1034 4032 nothuendig
1050 4005 1055 4018 .
1071 4005 1078 4019 .
1095 4006 1100 4018 .
1116 3965 1159 4019 bei
1180 3965 1228 4019 der
1245 3963 1424 4030 Schilderung

272 4049 321 4104 der
338 4047 477 4118 unseligen
489 4049 686 4104 Zerrissenheit
702 4053 746 4114 t=
755 4042 940 4118 ἀνομοιότησιν
958 4049 1006 4104 der
1017 4049 1200 4104 verbundeten
1212 4048 1424 4104 Hundestitmme

268 4133 350 4188 ibren
368 4133 472 4203 einigen
485 4133 605 4188 Feinden
621 4133 781 4202 gegenuber,
799 4134 836 4188 im
848 4133 940 4189 Gciete
958 4133 1005 4188 des
1018 4133 1145 4189 Dichters
1163 4133 1221 4188 sich
1235 4134 1278 4188 die
1291 4133 1423 4188 Perellele
