3118 4870
471 457 474 464 .
591 405 685 463 Oioero
703 421 754 476 pro
772 405 883 462 Scauro.

994 646 1083 709 fragm.
1141 661 1206 696 uere.
1225 646 1284 696 edit.

992 730 1046 782 siue
1062 729 1087 796 5.
1111 732 1209 780 exstant
1219 729 1309 782 desunt

160 820 192 874 Β.
211 817 250 874 de
273 817 388 872 Sardis
411 817 563 873 testibus
587 820 724 884 (ss—al:

211 919 304 974 Sardis
323 919 410 974 tribus
429 917 462 973 de
480 919 569 974 causis
587 919 662 976 nulla
679 919 746 977 fides
763 921 890 978 habenda
901 923 951 988 est,
1022 987 1054 1036 38

209 1002 340 1124 utsii
358 1027 689 1110 contristantem·
726 1031 733 1112 ;
770 1031 777 1112 :
814 1029 820 1112 :
858 1031 864 1112 ;
901 1031 907 1111 :
945 1030 952 1112 ;
997 1053 1080 1104 aar
1141 1021 1172 1072 ⁹¹

224 1123 259 1194 ll.
278 1121 427 1192 cupiditate
449 1123 569 1178 testandi
592 1124 738 1180 ostendunt
762 1141 792 1180 se
809 1141 858 1195 spe
874 1139 952 1193 prae·

277 1191 391 1245 miorum
410 1205 468 1246 esse
486 1191 618 1248 adductos
641 1233 952 1248 ........
1022 1190 1053 1240 41

209 1259 258 1312 Ill.
276 1258 350 1313 natio
368 1259 428 1328 ipsa
446 1262 488 1314 est
505 1259 590 1313 fallax
639 1301 952 1316 ........

278 1334 305 1385 al
324 1333 388 1382 sunt
409 1327 481 1382 enirn
499 1327 577 1382 Sardi
600 1328 712 1382 mixtum
731 1344 831 1398 genus,
855 1327 953 1384 Poenis

234 1401 237 1406 '
320 1395 481 1463 corruptius,
500 1395 613 1463 singulis
633 1396 699 1450 uiris
717 1395 863 1465 exeeptis.
901 1437 907 1451 .
946 1437 952 1452 .

277 1462 306 1527 b)
321 1461 447 1517 Sardinia
464 1467 507 1517 est
523 1477 580 1518 una
597 1464 747 1531 prouincia,
765 1479 835 1532 quae
850 1463 953 1586 *aas

319 1530 420 1586 habeat
440 1531 554 1585 amicam
571 1531 673 1600 populo
692 1531 815 1588 Romano
833 1547 867 1586 ao
895 1533 952 1590 rbe-

318 1613 376 1652 ram
394 1598 532 1653 ciuitatem
539 1602 558 1664 ⁸)
595 1639 951 1655 .........

208 1732 296 1788 Huius
314 1732 367 1787 looi
383 1734 519 1802 peroratio
553 1775 864 1790 ........
884 1775 908 1810 Ι.
945 1775 951 1790 .

157 1852 187 1906 G.
207 1851 245 1907 de
270 1851 439 1916 Soauro⁰):

210 1957 233 2006 1.
252 1953 285 2007 de
303 1952 398 2008 Scauri
414 1951 533 2008 familiae
550 1951 705 2020 nobilitato,
727 1953 761 2008 de
777 1957 856 2022 patre
874 1957 902 2006 et
919 1953 952 2007 de

252 2020 310 2076 eius
329 2037 390 2076 oum
407 2020 550 2076 Dolabella
567 2019 713 2088 inimicitia,
731 2019 788 2076 filio
805 2020 901 2076 relicta
944 2061 950 2074 .
995 2015 1079 2138 etlpgh

210 2160 234 2210 2.
253 2156 286 2210 de
305 2155 481 2222 abstinentia,
499 2171 553 2222 qua
572 2155 689 2210 Scaurus
707 2155 779 2211 filius
797 2158 825 2210 ot
841 2155 870 2210 in
887 2171 951 2225 pro·

252 2223 444 2292 scriptionibus
454 2223 573 2277 Sullanis
584 2229 611 2277 et
618 2223 647 2276 in
657 2223 734 2294 Syria
743 2240 772 2279 se
781 2224 951 2294 praestitiam)

210 2295 233 2346 ³.
252 2293 285 2348 de
302 2291 439 2345 aedilitate
457 2296 484 2345 et
502 2290 535 2344 (le
552 2291 678 2346 ludorum
690 2293 829 2360 opulentia
841 2293 950 2360 (plenis-

251 2360 328 2422 sime)
377 2398 949 2416 ..............
1010 2360 1069 2457 lep

208 2432 233 2481 4.
252 2427 285 2480 de
303 2426 380 2480 domo
398 2425 541 2492 magnifica
551 2427 581 2490 ¹¹)
638 2467 950 2484 ........
984 2427 1090 2543 ῶῡᾰὸῃ

208 2561 296 2617 Huius
314 2561 369 2617 loci
386 2560 522 2630 peroratio
552 2602 950 2618 ..........
1011 2529 1057 2612 4¹5⁰

127 2665 135 2682 ⁴
157 2681 191 2735 D.
210 2680 249 2736 de
268 2679 408 2735 erimine
425 2678 694 2746 frumentarioffll
726 2721 950 2738 ......
977 2707 979 2712 v

393 3003 440 3058 IV.
457 3003 670 3058 PERORATIO
680 3005 719 3067 ¹³).

170 3117 192 3172 Ι.
216 3117 316 3174 Merita
333 3119 464 3174 maiorum
505 3162 949 3178 ...........

217 3191 243 3251 a)
260 3187 292 3241 L.
311 3187 416 3242 Metelli
433 3188 577 3244 Dalmatioi
595 3194 662 3256 (eos.
682 3193 750 3256 119),
768 3191 814 3243 ani
856 3230 862 3243 .
899 3231 905 3245 .
942 3232 948 3246 .

216 3321 244 3388 b)
262 3321 294 3375 L.
313 3321 423 3378 Caecilii
439 3322 541 3377 Metelli
560 3329 627 3388 (eos.
647 3327 707 3390 tlt)
724 3365 948 3381 ......

216 3459 241 3522 o)
262 3456 358 3512 Scauri
374 3457 461 3525 patris
505 3497 948 3517 ...........

156 3657 192 3712 Il.
212 3658 363 3715 -Oonolusio
374 3660 404 3726 ¹⁴)
444 3665 447 3672 ’
462 3699 950 3720 ............
