3138 4872
745 411 808 467 Otto
828 411 941 466 Orosius

420 577 509 650 ὅσων
533 575 670 669 ἀρίστην
693 575 889 670 ὀροτρόφων
912 581 998 670 φυὴν
1021 580 1103 667 ’ἐγνω

420 687 710 774 φιλοφρονεῖσθαι
731 689 874 771 γνησίως
897 681 1065 771 ἐπειράθη
1092 684 1170 763 κτλ,

267 777 298 840 et
321 774 374 836 29⁸
422 850 439 920 ὁ
465 855 548 920 λέων
571 853 606 918 δὲ
627 855 789 941 τερφθεὶς
812 849 858 931 ὡς
881 854 963 918 λέων
985 877 1021 918 τε
1042 851 1204 940 μειδήσας
1225 851 1325 935 44111)

267 975 398 1042 Summo
432 975 500 1040 iure
536 973 750 1040 4444141414
778 972 983 1040 Eberhardus
1012 974 1080 1040 obs.
1111 993 1142 1056 p.
1175 977 1214 1036 14
1243 971 1417 1056 damnauit,

268 1076 383 1158 quibus
403 1071 630 1160 ‘pulcherrima
658 1075 769 1140 fabula
794 1075 827 1142 14
843 1076 1038 1159 allegoriam
1059 1073 1231 1158 pessimam
1255 1080 1416 1140 conuerte·

266 1169 379 1244 retur'.
416 1177 487 1242 Meo
511 1177 639 1257 quidem
661 1175 779 1242 iudicio
803 1177 883 1242 haec
905 1197 970 1244 nna
992 1182 1041 1241 est
1063 1195 1104 1241 cx
1125 1175 1326 1260 paucissimis
1348 1175 1417 1243 istis

268 1277 409 1360 Graecis,
433 1296 516 1359 quac
538 1275 581 1342 ad
602 1277 786 1362 primariam
807 1279 897 1346 illam
920 1268 1305 1362 quam‘Thierm'archeu'
1323 1296 1417 1344 uoca-

268 1399 339 1444 mus
364 1381 499 1445 formam
525 1380 790 1464 quamproxime
817 1379 971 1446 accedant
982 1379 1019 1462 ²).
1066 1380 1165 1446 Recto
1191 1384 1298 1444 autem
1323 1398 1418 1446 sensu

269 1479 382 1546 ductus
404 1479 513 1546 Naber
534 1481 687 1548 Mnemos.
710 1481 754 1546 IV
775 1501 805 1566 p.
824 1487 883 1545 437
908 1480 986 1546 dicit
1007 1480 1151 1546 fabulam
1177 1484 1234 1546 106
1259 1479 1417 1564 fragmen·

269 1588 337 1666 tum
360 1600 430 1648 esse
453 1587 484 1648 ct
505 1583 763 1652 narratiunculae
777 1583 873 1648 finem
889 1580 1081 1650 desiderari:
1103 1571 1239 1648 fortasse
1254 1583 1331 1649 olim
1346 1603 1418 1650 cum

269 1683 335 1750 alia
358 1683 525 1750 coniuncta
547 1690 630 1768 erat,
661 1703 725 1765 qua
747 1685 859 1768 uolpes
881 1702 943 1765 quo
966 1682 1062 1750 modo
1085 1683 1212 1750 nimium
1237 1685 1307 1751 ulta
1335 1691 1418 1750 esset

269 1785 518 1869 describebatur,
542 1786 582 1850 ci.
598 1785 718 1850 Halmii
734 1785 755 1849 f.
772 1789 833 1848 255
844 1783 870 1867 ³)
889 1791 920 1851 et
935 1789 975 1848 44
986 1784 1023 1869 4).

268 1951 322 2004 11414
340 1951 387 2004 der
405 1950 486 2004 wae
504 1954 574 2005 trotz
593 1951 680 2004 scines
697 1950 855 2018 Vorgebens
873 1968 926 2005 nur
944 1952 986 2005 414
1004 1952 1085 2007 14644
1102 1951 1143 2006 441
1159 1953 1214 2005 und
1232 1952 1329 2017 bleibe,
1348 1953 1372 2007 d.
1390 1953 1416 2006 h.

269 2035 328 2088 eine
344 2034 422 2088 wilde
439 2035 530 2088 Bestie
548 2031 608 2089 sei’.
644 2034 721 2089 Unde
745 2034 828 2090 habet
848 2037 894 2090 1114
911 2032 973 2090 ‘den
990 2035 1153 2090 Entschluss
1170 2033 1273 2090 fassen'
1295 2044 1321 2090 41
1339 2033 1418 2092 ‘nach

268 2120 320 2171 Art
337 2118 385 2171 der
403 2113 577 2172 Menschen'?
607 2115 643 2174 Ἀ.
662 2115 726 2188 441.
740 2121 776 2184 ἐζ.
794 2119 951 2190 simpliciter
969 2125 1010 2176 est
1023 2115 1170 2175 ‘hominum
1188 2122 1272 2176 uitam
1291 2122 1418 2191 optimam

267 2193 478 2258 aemulabatur’.

356 2290 381 2351 1)
399 2286 473 2352 Audi
495 2287 574 2342 modo
591 2287 808 2357 Hertzbergium:
827 2284 849 2342 ‘.
862 2329 868 2341 .
881 2328 887 2340 .
900 2287 942 2342 die
961 2288 1075 2363 beinahe
1092 2287 1257 2356 gefahrlichc
1276 2291 1419 2362 Wendung

268 2388 312 2426 444
330 2371 441 2426 Schluss
452 2411 458 2426 .
469 2411 475 2424 .
488 2410 494 2424 .
505 2373 569 2426 dass
593 2373 641 2427 der
658 2373 740 2428 Lbue
763 2390 798 2428 zu
819 2374 865 2428 der
882 2373 969 2441 chge
987 2373 1034 2427 des
1052 2373 1174 2428 Fuchses
1193 2375 1257 2436 „wic
1274 2375 1318 2428 ein
1335 2377 1418 2432 wae

268 2455 416 2524 geltchelt“
436 2456 492 2510 und
516 2456 554 2511 sie
577 2457 745 2526 abgewiesen
769 2459 848 2512 habe.
883 2457 949 2511 Man
973 2457 1040 2511 wird
1061 2458 1156 2524 gewiss
1181 2458 1417 2528 444611144411444,

269 2541 386 2608 plumpe,
405 2539 543 2594 humische
560 2543 616 2596 und
632 2542 661 2596 in
679 2559 784 2598 summa
801 2543 975 2598 bestialische
993 2542 1123 2608 Lacheln,
1142 2543 1190 2596 das
1208 2543 1288 2599 dabei
1304 2546 1418 2602 herous·

269 2625 386 2690 kommt,
405 2623 480 2678 414141
491 2625 553 2680 ain
571 2626 614 2680 ein
635 2627 792 2696 „gnbdiges“
814 2625 900 2690 (ἵλεως
919 2627 987 2682 coni.
1007 2627 1119 2697 Saupp.)
1137 2627 1288 2684 verflachen
1306 2628 1417 2686 wollcn‘:

269 2723 339 2778 quac
352 2709 442 2762 444414
455 2725 508 2765 444
523 2711 654 2782 τερφθεὶς
666 2713 750 2767 uerbo
764 2709 933 2766 refelluntur.
959 2711 1060 2784 Verum
1074 2712 1143 2765 uidit
1158 2711 1259 2768 Eberh.
1270 2715 1326 2769 obs.
1340 2732 1365 2783 p.
1378 2719 1417 2770 13.

356 2797 381 2850 11
399 2793 462 2848 Alia
479 2796 626 2850 estBubrii
644 2801 685 2862 95,
702 2797 731 2850 14
749 2811 803 2864 qua
819 2796 861 2849 leo
879 2810 928 2850 rex
946 2801 973 2850 41
990 2796 1085 2866 441444
1098 2797 1238 2852 familiaris
1251 2799 1308 2853 eius
1321 2799 1418 2853 iterum

269 2883 334 2933 sunt
351 2879 567 2946 protogenistae:
590 2880 651 2948 ipsa
674 2881 744 2934 enim
769 2881 924 2936 narratione
943 2881 1008 2934 satis
1026 2881 1106 2950 longa
1124 2885 1183 2947 (100
1201 2891 1339 2950 uersuum)
1358 2901 1418 2939 scn-

269 2963 355 3018 tcntia
373 2961 449 3016 nulls
465 2962 625 3028 illustratur,
644 2963 757 3018 dicterio
775 2969 866 3018 441444
878 2965 1034 3020 4111444444
1046 2981 1175 3020 4444444
1187 2965 1321 3022 simillima
1333 2969 1418 3024 habes

268 3047 298 3100 in
315 3045 423 3101 fabellis
442 3045 637 3102 Germanorum
653 3048 831 3116 popularibus
849 3048 971 3104 Grimmii
989 3055 1020 3104 66
1036 3067 1063 3120 p.
1073 3053 1124 3104 143
1141 3055 1170 3103 41
1187 3054 1218 3104 81
1236 3067 1263 3120 p.
1275 3057 1332 3106 314.

357 3133 382 3194 3)
400 3128 495 3198 Lupus
513 3130 621 3198 uulpem
639 3131 712 3200 apud
729 3133 834 3187 leonem
851 3137 1034 3202 aegrotantem
1053 3140 1172 3200 accusat,
1195 3135 1266 3203 quod
1284 3153 1345 3192 enm
1363 3156 1418 3194 non

269 3214 356 3281 uisat;
374 3215 478 3282 uolpes‚
497 3215 543 3282 qui
560 3215 679 3270 medicus
697 3219 739 3270 est
754 3215 831 3271 Rom.
845 3233 908 3288 app.
924 3223 964 3284 31,
983 3221 1176 3287 superueniens
1195 3220 1418 3278 medicamentum

268 3298 385 3353 1444144
403 3297 572 3366 quaesiuisse
585 3299 707 3368 simulat3
730 3301 802 3356 leoni
819 3301 953 3370 quodnam
971 3305 1005 3356 sit
1022 3305 1199 3374 interroganti
1216 3307 1377 3374 respondet:
1396 3310 1419 3360 εἰ

269 3382 350 3436 λύκον
369 3385 463 3448 ζῶντα
479 3379 600 3455 ἐκδείρας
616 3382 667 3451 τὴν
685 3381 767 3438 αὐτοῦ
785 3382 869 3458 δορὰν
887 3385 996 3457 θερμὴν
1013 3385 1145 3462 ἄμφιέσῃ,
1163 3390 1192 3444 id
1210 3391 1281 3458 quod
1298 3390 1365 3446 facit
1376 3393 1418 3447 leo

269 3468 314 3534 (cl.
332 3466 529 3534 sausoure).
565 3468 656 3536 Ipsum
675 3470 781 3524 simium
797 3471 840 3525 leo
858 3469 914 3524 edit
931 3471 1046 3529 Phaedr.
1056 3474 1102 3542 IV,
1121 3479 1157 3541 13,
1170 3479 1203 3528 20
1218 3489 1275 3543 sqq.
1295 3477 1419 3532 Dressler

268 3580 302 3599 =
318 3552 397 3607 Rom.
413 3550 462 3616 ΙΠ,
479 3555 525 3618 20,
549 3568 610 3606 cum
631 3553 728 3608 medici
750 3555 874 3610 morbum
895 3555 1033 3612 simulanti
1050 3557 1076 3612 ei
1093 3558 1255 3624 4444144441,
1280 3565 1311 3613 41
1329 3561 1420 3618 cibum

270 3636 359 3692 leuem
378 3639 496 3690 sumeret
513 3636 559 3705 qui
567 3631 683 3692 ‘tolleret
699 3636 843 3694 fastidium'
856 3645 920 3708 (quo
933 3641 994 3696 dolo
1007 3641 1088 3695 etiam
1099 3642 1196 3697 Lamia
1207 3645 1292 3698 utitur
1303 3645 1420 3702 fabellae

269 3720 410 3789 popularis
429 3721 562 3788 Schmidt,
580 3736 619 3790 gr.
638 3721 770 3777 1111441444
787 3741 813 3794 4.
832 3729 883 3789 74).
913 3723 1036 3792 Quocum
1054 3727 1269 3795 coniungendum
1288 3731 1420 3800 estquod

268 3804 381 3872 legimus
398 3805 457 3859 Ael.
475 3823 500 3860 u.
514 3805 539 3860 h.
550 3806 572 3874 I,
585 3810 614 3860 9:
634 3805 732 3860 λέοντα
749 3805 780 3860 δὲ
797 3810 932 3861 νοσοῦντα
949 3809 1009 3862 τῶν
1025 3813 1076 3878 μὲν
1093 3807 1185 3865 ἄλλων
1202 3809 1283 3866 οὐδὲν
1299 3809 1419 3880 ὀνίνησι·

270 3884 414 3960 φάρμακον
432 3886 464 3942 ds'
479 3893 554 3943 ἐστιν
572 3885 648 3958 αὐτῷ
666 3893 789 3963 βρωθεὶς
806 3893 925 3959 πίθηκος
942 3899 969 3947 41
986 3900 1042 3948 nat.
1053 3909 1096 3948 44.
1110 3895 1141 3962 V,
1153 3901 1197 3951 39:
1216 3894 1286 3951 ὅταν
1298 3896 1328 3950 δὲ
1339 3894 1419 3972 ὑπερ-

270 3971 385 4046 πλησθῇ
395 4012 402 4026 .
413 4012 419 4026 .
431 4013 436 4026 .
447 3971 561 4042 nubium
581 3979 735 4048 περιτυχών
752 3983 798 4030 καὶ
816 3977 913 4031 τούτου
926 3977 1032 4049 φαγών,
1050 3982 1189 4044 neccaram
1209 3981 1244 4036 cf.
1255 3983 1336 4038 etiam
1349 3985 1418 4038 Plin.

269 4073 296 4112 4.
307 4057 333 4110 14.
344 4057 418 4122 VIII,
432 4063 470 4124 16,
488 4059 681 4129 Η44444114Π,
692 4067 724 4118 16
736 4079 763 4132 4.
774 4066 807 4116 92
823 4062 914 4116 Lecm.
924 4077 986 4116 cum
1000 4061 1061 4116 adn.
1072 4079 1099 4134 p.
1111 4067 1168 4119 364.

356 4147 382 4207 4)
400 4141 501 4212 Volpes
519 4143 625 4200 simium
642 4147 670 4202 in
687 4146 811 4216 pedicam
828 4146 913 4215 illicit,
933 4147 968 4202 cf.
979 4148 1081 4202 Archil.
1092 4147 1169 4203 1496
1180 4164 1220 4218 sq.
1231 4151 1298 4219 ng.
