3138 4872
282 405 343 466 152
766 405 830 460 Otto
852 405 963 460 Orosius

281 577 415 644 Hausth.
437 599 468 663 p.
491 581 553 641 400
574 594 621 657 sq.
645 573 695 644 ed.
716 575 787 658 11)?
838 577 998 642 Incertum
1025 575 1121 659 igitur
1149 581 1198 640 est
1227 594 1288 657 quo
1319 574 1430 641 Keller

281 681 390 747 nititur
411 680 652 746 fundamentum
666 679 700 760 ¹).
738 678 804 744 Sed
824 676 993 743 audiamus
1014 677 1153 758 reliqua:
1173 670 1271 742 ‘Dass
1294 675 1376 742 eben
1390 697 1430 743 zu

279 784 372 868 jener
393 783 473 865 Zeit,
497 802 550 847 um
573 781 626 846 die
649 801 683 848 es
706 780 774 845 sich
793 781 874 864 jetzt
898 778 1046 863 handelt‚
1070 778 1121 844 die
1139 777 1351 861 Verbreitung
1373 776 1430 844 der

281 887 468 952 Hauskatze
490 883 569 950 tiber
585 882 700 967 Syrien
723 884 839 967 eriolgt
860 883 911 964 ist,
934 880 1016 946 wind
1037 900 1111 946 man
1132 879 1229 944 thcils
1244 899 1357 963 wegen
1373 879 1430 945 der

282 989 375 1055 the
398 987 455 1054 der
478 983 679 1052 Civilisaticn
701 983 759 1049 des
781 983 964 1069 damaligen
988 973 1131 1068 Syriens'
1156 1018 1198 1026 —
1221 985 1255 1044 at
1276 1000 1339 1062 quo
1362 981 1429 1048 uin-

282 1091 352 1156 culo
374 1087 509 1174 mystico
532 1085 613 1151 feles
635 1085 829 1152 domesticae
858 1107 929 1152 cum
952 1084 1074 1151 Graeco
1101 1083 1188 1148 cultu
1210 1103 1230 1149 a
1252 1081 1430 1148 Seleucidis

282 1191 426 1275 disperso
457 1188 644 1254 coniunctae
676 1187 770 1253 sunt?
799 1223 841 1233 —
867 1182 982 1252 ‘theils
1015 1204 1127 1268 wegen
1160 1183 1218 1250 der
1249 1184 1429 1250 vieliaohen

281 1293 387 1358 nahen
410 1289 634 1372 Beziehungen
662 1286 720 1355 des
742 1287 1062 1355 Seleukidcnreiehes
1087 1307 1126 1353 zu
1149 1285 1223 1352 dem
1246 1286 1302 1351 der
1324 1287 1428 1352 Ptole·

281 1412 390 1459 macer
417 1391 489 1457 mit
518 1390 757 1458 Sicherheit
784 1389 964 1457 annehmen
992 1389 1119 1455 durfen:
1150 1388 1233 1454 denn
1263 1387 1339 1454 dass
1366 1409 1430 1454 von

282 1496 451 1579 Aegypton
473 1491 526 1558 die
548 1493 825 1576 Domestioierung
846 1511 975 1559 unserer
997 1489 1182 1556 Hauskatze
1204 1507 1430 1572 ausgegangen

281 1596 333 1677 ist,
355 1597 443 1660 kann
465 1595 514 1660 als
529 1595 738 1678 ausgemacht
752 1595 934 1677 angesehen
949 1591 1079 1659 werden
1095 1641 1102 1658 .
1119 1643 1126 1658 .
1143 1615 1167 1674 .;
1190 1612 1254 1658 von
1269 1590 1337 1657 hier
1352 1591 1430 1658 aber

283 1717 369 1764 muse
378 1697 414 1781 (l)
429 1715 510 1778 ganz
524 1697 682 1763 naturlioh
698 1697 751 1762 die
763 1694 975 1777 Verbreitung
989 1693 1094 1760 dieses
1105 1693 1284 1758 nutzlichcn
1296 1693 1428 1760 Thieres

282 1800 440 1884 denWeg
461 1800 539 1864 uber
554 1797 669 1882 Syrien
692 1796 940 1879 eingeschlagen
962 1794 1078 1879 haben,
1100 1793 1167 1862 und
1189 1815 1276 1860 zwar
1290 1814 1344 1860 nur
1359 1795 1430 1860 Zeit

282 1903 338 1968 der
365 1891 581 1967 Seleukiden':
604 1917 686 1979 quae
709 1897 815 1964 omnia
836 1917 925 1964 mera
946 1895 1260 1964 autoschediasmata
1283 1915 1354 1962 esse
1376 1916 1428 1962 ne-

282 2003 399 2068 minem
416 2000 470 2083 qui
485 2000 594 2080 aliqua
609 1999 708 2064 animi
721 1999 896 2067 intentione
912 2019 951 2066 ca
965 1998 1081 2082 legerit
1095 1997 1203 2082 fugiet.
1236 1995 1302 2064 Sed
1318 1997 1428 2064 etiam-

282 2104 310 2168 si
332 2099 573 2168 Seleucidarum
596 2107 738 2184 tempore
760 2101 841 2167 feles
863 2100 1058 2168 domesticae
1079 2101 1113 2165 in
1135 2099 1263 2184 Syriam
1284 2099 1430 2182 aliasque

282 2209 382 2270 terras
410 2203 601 2286 importatae
630 2209 798 2268 essent-
822 2203 927 2284 quode
953 2203 1033 2267 nihil
1061 2202 1179 2268 scimus
1190 2199 1216 2284 2)
1239 2237 1297 2283 -,
1322 2205 1430 2266 tamen

281 2305 362 2370 nihil
377 2302 465 2369 aliud
480 2303 555 2370 inde
570 2309 764 2388 sequeretur,
787 2304 849 2370 nisi
863 2309 954 2388 post
977 2311 1132 2388 tempus
1154 2302 1263 2368 illud
1278 2301 1429 2368 Babriom

282 2407 416 2474 uixisse:
447 2405 533 2486 qnod
555 2406 661 2471 animo
684 2405 806 2471 lubenti
829 2406 979 2473 concedo.

367 2507 484 2574 Omnia
505 2507 610 2591 igitur,
634 2507 749 2590 quibus
764 2509 875 2574 Keller
896 2525 972 2574 usus
995 2514 1052 2589 est,
1074 2511 1263 2588 argumenta
1280 2506 1428 2587 frangun-

282 2615 332 2674 tur
360 2609 452 2692 quasi
482 2609 621 2692 eornm).
666 2609 732 2676 Sed
754 2615 826 2694 post
848 2610 1012 2676 Kellerum
1035 2609 1225 2674 sententiam
1247 2605 1337 2672 illam
1358 2607 1429 2691 ipse

281 2711 432 2778 Aliredus
463 2709 771 2777 Gutschmidius
800 2710 944 2777 defendit
970 2711 1003 2776 in
1032 2709 1232 2776 Fleckeiseni
1260 2708 1430 2774 annalibus

282 2814 344 2881 uol
369 2813 553 2878 LXXXVII
577 2810 689 2896 (1863)
716 2835 746 2898 p.
770 2816 831 2878 323
855 2813 942 2894 aql).
994 2810 1207 2878 Proficiscitur
1234 2831 1254 2875 a
1282 2809 1429 2876 Brancho

281 2916 409 2982 nomine
436 2913 614 2996 rarissimo,
645 2914 730 2996 quod
761 2914 804 2980 ad
825 2913 1009 2998 Apollinem
1032 2911 1262 2997 Didymaeum,
1291 2911 1429 2978 Branchi

371 3138 393 3198 t)
411 3131 517 3186 Hehnio
536 3147 562 3200 p.
581 3135 630 3186 402
650 3132 673 3186 si
691 3131 778 3186 credis
797 3129 917 3202 αἴλουρος
935 3129 1028 3185 Babrii
1045 3134 1087 3184 est
1103 3131 1199 3195 meles,
1221 3128 1290 3201 γαλῆ
1306 3129 1428 3195 mustela.

368 3221 394 3280 2)
413 3217 485 3272 Ante
503 3217 640 3271 saeculum
657 3216 695 3270 IV
713 3216 742 3270 in
759 3217 841 3272 terris
856 3215 969 3271 Graecis
981 3215 1165 3284 Romanisque
1182 3220 1285 3270 certum
1301 3213 1362 3268 felis
1380 3214 1429 3270 do-

281 3302 411 3357 mesticae
427 3301 569 3369 uestigium
587 3302 699 3369 reperiri
716 3301 839 3355 Hehnins
851 3301 869 3356 l.
880 3317 901 3355 s.
911 3317 932 3355 s.
944 3303 1027 3369 negat
1043 3301 1130 3366 (ouius
1152 3299 1329 3368 disputationi
1340 3315 1368 3368 p.
1378 3303 1428 3354 403

281 3387 366 3442 addas
378 3385 550 3440 memorabile
562 3385 674 3440 Lonorii
685 3387 866 3441 testimonium
875 3385 984 3440 Anthol.
995 3385 1036 3440 ed.
1047 3381 1178 3441 Ries'375
1189 3389 1216 3438 ct
1224 3384 1350 3454 anonymi
1363 3389 1428 3450 181).

368 3476 393 3538 3)
410 3470 484 3524 Idem
495 3469 843 3538 Eberhardiestiudicium,
862 3471 944 3540 quiin
955 3471 1012 3526 obs.
1022 3471 1104 3524 Babr.
1114 3472 1201 3536 (1865)
1214 3485 1240 3538 p.
1253 3475 1262 3522 1
1276 3485 1314 3538 sq.
1329 3468 1430 3524 Kelleri

281 3557 421 3627 opiniones
429 3555 547 3610 breuiter
555 3555 696 3624 refutauit3
714 3555 793 3610 nimis
804 3555 924 3610 breuiter
936 3555 1060 3619 fortasse,
1069 3569 1156 3622 neque
1168 3553 1236 3608 enirn
1247 3568 1351 3608 errores
1364 3568 1429 3608 snos

280 3643 315 3698 Κ.
334 3639 481 3698 reuocauit,
499 3641 580 3695 immo
598 3633 1271 3710 inPaulyiReor-Encycl.1²p.hercusot)‘man
1289 3639 1363 3693 kann
1381 3637 1429 3691 da-

281 3723 337 3782 her‘
350 3727 438 3795 inquit
454 3721 507 3780 ‘die
523 3721 624 3780 frdher’
638 3725 763 3779 nimirum
781 3727 844 3778 ante
861 3724 959 3778 librum
977 3724 1035 3778 eius
1053 3723 1154 3779 editum
1166 3719 1325 3791 ‘gelaufigen
1336 3721 1429 3792 Hypo·

281 3813 378 3866 thesen
394 3827 430 3866 zu
448 3810 500 3864 den
518 3810 683 3879 antiquirten
701 3805 815 3874 zahlen’,
833 3807 1003 3863 Maennelius
1019 3812 1112 3863 autern
1129 3807 1326 3862 Philol.XXIX
1341 3809 1430 3871 (1870)

281 3915 307 3967 p.
329 3900 376 3952 169
394 3896 532 3951 Kellerum
550 3890 707 3964 ‘diligenter
728 3894 908 3964 prudentique
930 3893 1043 3950 iudicio’
1062 3894 1135 3949 hanc
1155 3892 1340 3963 quaestionem
1356 3897 1429 3946 trac·

281 3985 355 4036 tasse
368 3980 453 4131 llmlitl.
471 4065 551 4119 etiam
569 4065 680 4119 annales
696 4064 742 4133 qui
756 4063 942 4119 inscribuntur
956 4059 1122 4118 ‘Zeitsohrift
1134 4062 1183 4117 der
1195 4061 1345 4118 deutschen
1355 4059 1429 4115 Mor-

280 4149 490 4220 gcnl‘andischen
509 4143 697 4204 Gesellschaft‘
716 4147 766 4202 XV
776 4165 800 4218 p.
813 4153 853 4202 28.
