3118 4870
282 407 343 470 268
703 409 874 464 Hermannus
893 407 1016 464 sauma
1047 429 1051 434 ·

283 589 363 650 sunt.
408 581 519 649 Cicero
540 582 609 666 ipse
631 581 712 649 haec
733 583 832 649 habet
852 584 881 662 ξ.
905 584 961 647 22:
996 579 1095 643 dicam
1123 581 1202 642 mim
1229 581 1366 662 primum
1395 580 1437 643 de

283 687 350 769 ipso
365 705 479 767 peuere
502 686 716 758 accusationis,
738 694 848 767 postea
870 683 908 746 do
923 680 1046 754 Sardis,
1070 689 1133 744 lum
1157 682 1250 744 etiam
1268 701 1374 763 patroc
1395 680 1437 742 do

282 784 421 850 Scauro:
444 785 552 871 quibus
567 785 659 856 rebus
674 785 843 869 explicatis
857 795 920 847 tum
936 783 1067 868 denique
1085 783 1127 845 acl
1147 782 1207 845 lucc
1228 781 1382 845 horribile
1405 793 1438 846 et

273 887 524 971 formidulosum
537 886 787 970 frurucutarium
802 886 920 948 crimea
935 884 1090 949 accedam.
1126 883 1245 950 Contra
1258 883 1435 950 Martianus

283 990 417 1075 (lapella
433 994 461 1073 5,
475 992 537 1054 469
559 987 602 1073 (p.
623 991 681 1052 155
697 985 814 1072 lipsa),
837 1006 907 1052 cum
923 971 964 1052 de
983 985 1074 1052 uaria
1095 991 1209 1051 natura
1231 1004 1347 1080 causae
1370 985 1435 1052 dis·

283 1091 369 1174 serit,
391 1090 425 1156 in
440 1091 613 1158 Miloniana
628 1088 705 1155 dicit
720 1107 849 1155 causam
866 1108 936 1155 esse
959 1087 1148 1173 simplicem⁴
1160 1085 1299 1150 Clodium
1315 1085 1436 1150 Milone

282 1192 352 1254 iure
366 1193 540 1276 aecauerit;
564 1190 679 1258 deinde
694 1189 854 1275 duplicem
868 1188 937 1255 fieri
951 1207 1045 1273 posse
1057 1207 1187 1255 causam
1201 1192 1256 1254 aut
1272 1206 1313 1252 ex
1328 1188 1434 1272 rebus,

282 1299 318 1359 ut
332 1299 390 1376 pio
406 1292 515 1360 (laelio
532 1292 570 1355 de
585 1312 667 1357 auro
680 1302 712 1354 et
724 1290 763 1354 cle
778 1311 905 1375 ueucuo,
922 1295 977 1356 aut
992 1289 1172 1372 collatione,
1194 1294 1231 1354 ut
1244 1309 1302 1373 pro
1318 1289 1434 1357 Roscio

274 1392 405 1476 filiusuo
425 1403 548 1478 patrem
571 1415 611 1458 ou
633 1394 753 1456 inimici
771 1393 991 1475 lupulauerint.
1029 1392 1098 1456 Iam
1120 1391 1237 1475 pergit:
1261 1389 1435 1474 Multipleu

283 1514 359 1557 uero
382 1515 422 1558 ca
440 1495 584 1580 pluribus
606 1493 836 1579 quaestiouibus
851 1514 945 1557 causa
964 1493 1112 1566 comistit,
1136 1503 1171 1555 ut
1190 1493 1435 1576 repetundarum

284 1616 388 1659 omues
409 1595 569 1671 Vcrriuae‚
593 1607 624 1659 ct
641 1616 705 1681 pro
723 1595 846 1660 Scauro
869 1594 912 1657 do
934 1594 1128 1657 Bostaris
1148 1615 1255 1666 uoco,
1279 1593 1325 1656 de
1343 1595 1435 1657 Ari·

282 1699 342 1760 uis
370 1718 500 1762 auore
528 1708 566 1761 et
590 1697 637 1760 cle
664 1697 827 1760 decimis
854 1695 982 1760 tribus
1010 1698 1206 1781 acquiritur3
1236 1694 1352 1777 quibus
1379 1717 1435 1780 po-

282 1799 408 1866 stremis
437 1800 546 1866 uerbis
574 1799 643 1866 sine
673 1797 771 1865 dubio
797 1798 877 1864 illud
907 1796 993 1880 quod
1019 1798 1129 1865 (licere
1159 1797 1236 1862 dicit
1261 1798 1435 1865 frumenta-

282 1901 363 1967 rium
380 1901 499 1970 crimen
513 1899 716 1984 significatur.
754 1899 848 1979 Quod
863 1898 1011 1966 Martiani
1026 1898 1241 1966 testimoninm
1256 1905 1292 1965 ut
1306 1919 1435 1983 prorsus

282 2003 468 2070 recederes
484 2001 646 2068 Ciceronis
669 1999 877 2086 dispositione
898 2002 1114 2084 unusquisque
1137 2001 1245 2066 statim
1268 2000 1366 2086 videt,
1389 2001 1435 2066 ita

283 2104 462 2186 Peyronem
485 2101 623 2169 ostendit
644 2100 740 2168 valde
764 2120 901 2185 enasse,
932 2103 987 2184 qui
1009 2099 1110 2187 (apud
1131 2103 1280 2168 Beierum
1301 2123 1333 2187 p.
1361 2101 1434 2185 124)

283 2203 404 2287 duplex
434 2207 556 2270 tantum
587 2202 704 2270 crimen
732 2201 830 2269 fuisse
852 2208 987 2287 statuat,
1015 2223 1131 2287 nempe
1157 2203 1432 2287 interemptionem

282 2304 425 2371 Bostaris
441 2311 472 2372 et
494 2303 775 2390 depraedationem
791 2301 967 2370 Sardiniae.
1006 2304 1050 2370 Ut
1072 2303 1157 2370 enim
1179 2304 1241 2371 hoc
1264 2306 1294 2370 ei
1316 2305 1434 2388 largiar

283 2405 425 2474 Bostaris
452 2426 564 2473 necem
594 2426 665 2473 cum
693 2405 749 2472 ille
780 2405 820 2470 de
843 2406 949 2472 Arinis
979 2425 1078 2472 uxore
1110 2405 1239 2472 crimine
1252 2461 1256 2468 .
1269 2405 1352 2473 adeo
1384 2427 1433 2474 co·

282 2507 426 2575 haesisse
450 2507 491 2590 (ξ.
508 2511 536 2573 8.
554 2511 583 2573 9.
601 2506 672 2591 12),
695 2514 730 2573 ut
751 2506 859 2588 aliquo
881 2508 949 2575 iure
971 2528 1069 2574 unum
1091 2509 1210 2574 crimen
1233 2507 1296 2574 dici
1318 2509 1433 2593 possit:

283 2616 391 2676 tamen
414 2609 574 2691 quomodo
598 2607 840 2694 depraedationi
864 2608 1033 2676 Sardiniae
1055 2615 1120 2676 tres
1142 2608 1190 2674 illi
1218 2608 1281 2675 loci
1312 2609 1355 2690 (ς.
1380 2609 1433 2693 2⁸2)

284 2708 324 2775 de
347 2729 464 2794 genere
488 2709 713 2791 accusationis,
745 2709 785 2776 de
807 2709 935 2794 Sardis,
966 2711 1007 2776 de
1030 2709 1149 2777 Scauro
1176 2709 1335 2777 subiuncti
1365 2731 1435 2778 esse

281 2812 413 2897 possint,
436 2812 464 2878 is
487 2812 542 2894 qui
564 2810 647 2876 hanc
669 2811 822 2878 orationis
845 2816 969 2896 partem
992 2812 1160 2893 diligenter
1181 2812 1362 2896 perlegerit,
1389 2813 1435 2878 in-

283 2915 436 2997 tellegere
458 2933 521 2979 non
543 2913 668 2996 poterit.
692 2911 822 2978 —Sed
845 2913 983 2996 grauicri
1007 2913 1175 2980 offensioni
1201 2919 1251 2980 est
1273 2913 1433 2982 Ciceronis

283 3020 315 3081 et
330 3015 483 3100 Capellae
499 3013 666 3098 dissensio,
690 3033 774 3095 quae
789 3013 918 3096 quidem
934 3013 1104 3080 difficultas
1120 3033 1158 3081 eo
1174 3033 1301 3096 quoqne
1323 3014 1433 3098 augeri

282 3116 423 3199 uidetur,
454 3115 539 3197 quod
562 3115 672 3182 Cicero
694 3115 778 3180 hanc
800 3135 890 3181 suam
911 3116 1160 3201 propositionem
1182 3135 1246 3181 non
1267 3122 1341 3200 post
1362 3138 1433 3202 pro-

282 3218 419 3284 oemium
439 3217 542 3301 ponit,
568 3215 626 3282 sed
648 3217 851 3300 magnesiam
874 3217 1026 3284 orationis
1049 3223 1140 3302 parte
1163 3218 1347 3302 praemissa.
1395 3220 1434 3283 At

281 3317 408 3386 uidetur
422 3323 545 3386 tantum
561 3318 680 3403 augeri,
702 3317 799 3386 immo
821 3340 897 3387 uero
920 3321 1061 3387 soluitur.
1098 3319 1246 3401 Namque
1268 3318 1330 3385 hae
1353 3317 1433 3385 diffi-

282 3421 416 3488 cultates
438 3439 548 3488 omnes
571 3440 642 3487 meo
669 3420 799 3502 quidem
826 3421 944 3489 iudicio
972 3421 1124 3488 facillime
1153 3427 1372 3504 remorentur,
1406 3419 1433 3484 si

281 3523 364 3590 hanc
385 3523 554 3589 statuimus
576 3521 674 3588 fuisse
697 3520 953 3608 dispositionem:
1138 3607 1142 3614 ι

571 3626 595 3690 Ι.
619 3625 778 3691 Retutatie
802 3631 892 3691 extra
915 3643 1059 3690 causam:

620 3726 657 3792 A.
682 3724 722 3791 de
743 3725 885 3792 Bostaris
909 3745 996 3807 nece,

620 3829 657 3893 Β.
681 3826 722 3894 de
744 3828 850 3894 Arinis
873 3847 979 3894 uxore.
1098 3829 1102 3836 '

555 3929 595 3993 Il.
620 3929 780 3996 Resutatio
804 3927 844 3995 de
866 3948 977 3995 causa:

620 4030 657 4094 A.
681 4029 722 4096 de
743 4049 859 4114 genere
881 4028 1102 4113 accusationis,

623 4130 658 4196 B.
683 4130 722 4196 de
746 4130 865 4214 Sardis,
