3118 4870
577 401 611 456 dc
628 401 721 458 Babrii
738 406 835 457 aetate.
1215 403 1275 466 237

123 577 252 638 ueteres
266 591 465 656 paganorum
481 570 570 655 deos,
593 589 671 652 qnos
687 591 834 640 essenon
854 575 1024 659 negabant,
1046 595 1104 658 pro
1127 576 1277 661 malignis

123 673 313 740 nocentibus
329 665 525 742 ‘diabolicis'
544 673 695 740 habuisse
711 674 831 756 (Zeller
845 675 902 757 ΙΙΙ,
919 679 949 758 2,
961 679 1033 759 298,
1048 674 1279 744 Friedlaender

123 775 180 858 ΙΙΙ,
197 777 256 838 457
274 793 321 855 sq.
347 773 422 858 504)
434 775 472 860 1);
503 775 591 842 uelut
613 773 700 858 apud
722 773 886 856 Originem
908 776 1018 842 Babrii
1040 776 1073 840 ni
1096 776 1204 842 omnia
1225 798 1277 844 me

122 875 240 941 fallunt
261 875 430 957 aequalem
452 897 478 942 c.
502 875 629 941 Celsum
650 875 708 958 Ill,
727 879 766 940 38
788 876 946 944 Antinous
975 875 1069 944 heros
1092 877 1278 964 Antinopoli

123 977 228 1042 cultus
251 974 380 1057 δαίμων
402 984 466 1061 est,
496 977 551 1059 qui
573 977 718 1044 homines
748 975 867 1062 decipit
889 984 920 1044 et
942 978 1058 1062 agitat,
1085 983 1182 1059 atque
1204 980 1276 1062 V,2

122 1077 275 1160 leghnus:
299 1065 447 1164 ...ἢοῦ
463 1079 542 1144 θεοὶ
562 1071 627 1143 εἶεν
650 1070 860 1144 ὁἈπόλλων
882 1079 938 1144 καὶ
960 1072 977 1143 ὁ
998 1070 1200 1166 Ἀσκληπιὸς
1221 1082 1277 1146 καὶ

121 1170 199 1243 ὅσοι
222 1174 281 1242 ἐπὶ
302 1180 359 1264 λ’λς
381 1202 414 1246 τι
436 1190 548 1244 ποιεῖν
570 1183 833 1262 πεπιστευμένοι
855 1177 949 1259 εἰσίν,
974 1171 1058 1244 ἄλλά
1086 1204 1173 1257 τινες
1203 1180 1276 1247 δαί-

122 1302 222 1361 μονες
244 1282 310 1343 των
333 1276 367 1344 ἐν
390 1272 589 1367 ἀνθρώποις
612 1283 728 1367 σοφιῦν
750 1330 760 1362 .,
775 1331 804 1345 ..
827 1281 944 1364 πολλῷ
963 1285 1110 1366 χείρους,
1139 1283 1212 1366 vll,
1235 1287 1275 1348 69

124 1378 274 1468 φαύλους
290 1379 325 1444 δέ
342 1379 503 1463 δαίμονας
520 1431 526 1446 .
545 1432 552 1447 .
569 1432 576 1446 .
594 1381 729 1466 λέγομεν
745 1376 839 1468 ἡμεῖς
856 1431 863 1446 .
881 1431 888 1446 .
906 1431 913 1445 .
929 1383 985 1446 καὶ
1007 1385 1179 1470 θεραπεία
1202 1382 1276 1449 δαι-

122 1479 233 1563 μόνων
257 1479 346 1547 ἐστὶν
367 1477 386 1569 ἡ
411 1486 582 1569 θεραπεία
603 1484 670 1547 τιῦν
694 1480 915 1564 νομιζομένων
936 1483 1044 1562 θεῶν,
1067 1481 1192 1562 πάντες
1213 1483 1276 1571 γὰρ

124 1582 155 1646 οἱ
178 1584 258 1647 θεοὶ
279 1584 345 1648 τῶν
368 1581 478 1648 ἐθνιῦν
501 1581 675 1668 δαιμόνια,
703 1585 830 1668 V111,3
854 1582 950 1669 εἴπερ
972 1585 1078 1648 ταῦτα
1107 1584 1275 1668 δαιμόνων

124 1680 214 1748 ἐστὶν
230 1681 317 1770 ἔργα,
341 1681 491 1771 φήσομεν
507 1676 560 1749 ὅτι
576 1685 666 1767 λιμοὶ
683 1686 739 1750 καὶ
755 1677 897 1772 ἆρορίαι
913 1684 1084 1770 σταφυλῆς
1098 1687 1154 1750 καὶ
1177 1678 1274 1772 ἆκρο·

123 1783 231 1870 ὁρέων
253 1787 308 1850 καὶ
331 1778 451 1868 αὐχμοὶ
475 1777 637 1851 ἀλλὰκαὶ
660 1781 679 1873 ἡ
701 1789 761 1851 τοῦ
783 1779 881 1873 ἇέρος
903 1782 1079 1872 διαφθορὰ
1103 1782 1161 1850 ἐπὶ
1190 1785 1273 1874 λύμῃ

121 1889 188 1951 των
211 1889 364 1971 καρπιῦν,
391 1877 469 1950 ἔσθ’
496 1878 552 1952 ὅτε
575 1885 685 1952 δὲκαὶ
709 1891 756 1972 τῷ
778 1890 844 1953 τιῦν
869 1884 960 1966 ζώων
982 1883 1123 1972 θανάτῳ
1149 1889 1205 1952 καὶ
1226 1891 1274 1972 τῷ

122 1985 206 2052 κατὰ
229 1989 295 2053 των
319 1979 512 2073 ἀνθρώπων
535 1987 651 2074 λοιμῷ.
696 1987 808 2054 πάντα
830 1991 935 2054 ταῦτα
958 1987 1112 2070 δαίμονες
1135 1979 1274 2076 αὐτουρ-

122 2089 219 2173 γοῦοι
235 2087 350 2176 δήμιοι
365 2089 434 2154 κτλ.
471 2089 564 2156 Certe
579 2111 618 2157 ea
633 2095 739 2157 aetate
761 2110 825 2172 qua
846 2089 926 2156 talia
947 2089 1079 2172 uolgata
1101 2095 1190 2156 erant
1212 2091 1273 2156 sin·

122 2190 244 2274 gularis
258 2191 316 2258 illa
331 2210 426 2273 quam
442 2190 528 2274 apud
543 2191 695 2260 Babrium
711 2192 888 2260 inuenimus
903 2191 1010 2276 opinio
1025 2190 1177 2257 facillime
1199 2192 1275 2258 oriri

122 2291 295 2375 poterae).

209 2393 309 2458 Totus
325 2391 422 2474 igitur
437 2400 574 2474 quantus
591 2398 640 2458 est
661 2391 870 2458 recentissimi
891 2391 1043 2474 temporis
1066 2397 1115 2457 est
1130 2393 1272 2459 Babrius.

125 2495 231 2574 Atque
255 2510 326 2557 cum
349 2498 423 2558 ante
445 2491 572 2557 tertium
595 2513 625 2576 p.
648 2491 720 2558 Chr.
743 2511 772 2556 n.
795 2491 957 2556 saeculum
980 2491 1060 2555 nulli
1082 2511 1154 2557 eum
1176 2494 1270 2578 scrip·

124 2601 208 2660 tores
224 2609 329 2676 neque
343 2592 576 2660 nominauerint
590 2612 695 2676 neque
709 2590 826 2657 imitati
840 2590 904 2657 sint
914 2589 949 2675 ³),
971 2588 1048 2656 inde
1069 2611 1090 2656 a
1111 2594 1204 2660 tertio
1226 2594 1273 2660 in·

212 2778 234 2842 l)
254 2775 331 2830 Talia
346 2776 499 2831 etiamnunc
515 2775 629 2832 credunt
643 2774 754 2830 Graeci:
773 2773 902 2838 Schmidt,
913 2771 1078 2828 Volkslcben
1089 2789 1114 2841 p.
1130 2776 1175 2828 185
1186 2789 1224 2841 sq.
1238 2774 1274 2826 al.

210 2863 236 2924 2)
255 2860 340 2914 Simili
356 2861 473 2916 fortasse
490 2859 596 2915 ratione
613 2859 676 2915 olim
688 2858 896 2927 explicabantur
907 2857 969 2912 miri
980 2873 1076 2912 uersus
1089 2856 1145 2910 lab.
1154 2862 1179 2922 t,
1189 2861 1205 2912 6
1216 2872 1273 2926 sqq.

125 2945 263 3000 aNabero
275 2961 302 3014 p.
312 2949 361 3000 419
375 2944 508 2999 damnati:
527 2947 586 2998 τῶν
602 2942 654 3016 γὰρ
672 2943 751 2996 θεῶν
769 2937 877 2994 δοκοῦσι
895 2941 956 2996 τοὺς
972 2945 1023 3010 μέν
1037 2935 1145 3008 εὐήθεις
1156 2941 1165 3011 ΙΙ
1179 2937 1275 3013 ἀγροὺς

124 3034 275 3095 κατοικεῖν,
298 3026 360 3081 τοὺς
381 3025 409 3080 δ’
430 3031 556 3099 ἐσωτέρω
577 3035 680 3094 τείχους
695 3027 704 3096 ΙΙ
722 3026 795 3078 εἶναι’
815 3020 844 3079 τ’
863 3023 975 3094 ἀληθεῖς
992 3031 1037 3078 καὶ
1054 3025 1088 3078 τὰ
1106 3020 1191 3080 πάντ’
1212 3027 1273 3078 ἑπο-

126 3111 249 3178 ιιτεύιιν,
274 3113 307 3168 dc
332 3112 429 3181 quibus
452 3112 538 3168 falsus
560 3116 603 3167 est
620 3111 711 3166 Keller
728 3127 754 3180 p.
770 3115 816 3166 391
839 3117 919 3178 extu,
943 3110 1026 3166 ceteri
1042 3112 1201 3176 tacuerunt,
1225 3124 1274 3178 ego

126 3204 230 3253 certum
249 3197 376 3252 iudicium
394 3195 517 3264 proferre
534 3212 589 3251 non
607 3197 702 3252 audeo.
738 3195 857 3251 Faciunt
878 3199 968 3250 tamen
987 3199 1017 3249 ut
1033 3193 1161 3250 recorder
1178 3209 1275 3249 uersus

126 3282 219 3338 Seueri
238 3281 331 3336 Sancti
348 3280 507 3335 Endelechii
525 3281 635 3334 Anthol.
644 3279 705 3334 Lat.
716 3279 757 3334 ed.
768 3280 842 3334 Ries.
853 3284 912 3347 893,
925 3285 971 3334 105
982 3295 1055 3348 sqq:
1073 3274 1187 3347 ‘signum
1203 3278 1275 3348 quod

124 3366 271 3435 perhibent
289 3379 350 3420 esse
367 3365 456 3420 crucis
474 3363 684 3431 deiltmagnis
704 3364 756 3433 qui
772 3365 896 3420 colitur
913 3366 1005 3420 solus
1025 3365 1057 3418 in
1075 3359 1272 3418 urbibus..'

211 3453 237 3514 3)
255 3449 341 3504 Lenia
365 3453 428 3504 sunt
451 3464 521 3516 quae
537 3447 629 3502 Keller
651 3464 678 3517 p.
696 3451 744 3501 401
768 3449 829 3504 adn.
848 3455 895 3504 tct
914 3448 1065 3518 disputauit
1086 3447 1119 3502 de
1136 3447 1273 3514 Meleagro

125 3539 152 3587 et
169 3533 323 3604 Antipatro.
360 3533 476 3588 Grauius
495 3532 603 3587 uidetur
620 3531 692 3600 qnod
709 3532 783 3601 apud
801 3534 949 3589 zenobium
967 3537 1048 3598 (saec.
1064 3533 1091 3588 ll
1104 3534 1184 3596 extr.)
1197 3531 1231 3596 V,
1241 3535 1273 3586 93

124 3619 152 3673 in
170 3618 265 3674 tabula
282 3618 434 3673 Rubrianue
452 3621 484 3671 20
504 3617 583 3671 simili
605 3617 717 3685 legitur:
739 3612 755 3670 ὁ
780 3613 810 3668 δὲ
832 3614 907 3671 da'ov
928 3617 1094 3686 βοηθεῖν,
1119 3613 1275 3669 ἐπεκαλεῖτο

126 3701 175 3755 τὸν
187 3697 326 3774 Ἡρακλέα,
345 3717 461 3772 quocum
480 3701 514 3756 cf.
527 3701 608 3756 Babr.
619 3705 660 3766 20,
672 3707 701 3756 3:
721 3698 802 3754 δέον
819 3703 977 3770 βοηθεῖν,
996 3695 1075 3752 adria
1092 3695 1172 3771 ἀργὸς
1189 3697 1275 3765 εἱστή-

126 3805 173 3851 κει,
190 3787 232 3852 τῷ
251 3784 279 3838 δ’
294 3781 418 3859 Ἡρακλεῖ
434 3781 604 3859 προσηύχεθ)
619 3785 675 3840 κτλ.
706 3785 758 3840 Sed
777 3801 937 3854 quamquam
953 3784 1051 3838 mirum
1069 3788 1110 3838 est
1127 3783 1211 3838 uerba
1228 3783 1275 3838 illu

125 3870 200 3938 prius
219 3869 334 3924 trimetri
352 3870 431 3926 colon
449 3869 585 3940 explentia
603 3871 675 3940 apud
695 3869 966 3939 paroemiographum
990 3873 1110 3933 exstare,
1133 3871 1223 3924 umen
1241 3883 1275 3922 ex

126 3953 227 4008 Bebrio
246 3969 307 4008 eum
325 3969 375 4010 sua
392 3954 516 4011 hausisse
533 3970 588 4010 non
608 3954 697 4020 credo,
717 3970 778 4010 cunr
797 3957 889 4009 cetera
905 3953 984 4008 nimis
1002 3953 1110 4007 diuersa
1126 3951 1180 4006 sint
1191 3967 1209 4006 a
1220 3951 1274 4006 Ba·

126 4036 228 4092 brianis
252 4043 333 4107 atque
355 4038 416 4107 ipsa
440 4039 488 4093 illa
510 4039 595 4094 uerba
616 4038 749 4108 simplicia
772 4042 822 4092 aut
839 4039 873 4093 ab
890 4043 1007 4106 utroque
1025 4035 1137 4092 seorsim
1155 4036 1208 4092 dici
1225 4035 1275 4102 (ita

126 4136 223 4176 uersus
242 4119 309 4188 66,7
326 4122 432 4178 initium
449 4123 549 4194 legitur
567 4123 647 4178 etiarn
665 4122 751 4178 schol.
761 4121 844 4177 Arist.
855 4136 916 4176 auu.
930 4125 1004 4188 1490)
1023 4126 1071 4176 aut
1089 4136 1122 4178 ex
1141 4121 1275 4180 communi

176 4214 293 4266 heipztgsr
306 4216 407 4258 Studien.
434 4216 464 4258 11.
1040 4227 1072 4278 16
