3118 4870
259 406 321 468 200
737 407 802 464 orto
820 408 932 466 drusius

257 579 317 667 τὴν
345 583 404 645 τοῦ
431 577 615 645 Hectoreo
645 578 814 668 διφθέραν
842 577 1021 668 ἐνημμένος
1053 587 1163 666 aperte
1191 579 1415 650 demonstrent

258 681 428 765 βουκολεῖν
451 681 635 768 simpliciter
657 701 727 750 esse
749 701 881 766 pascere
902 683 955 748 uel
978 681 1138 750 custodire
1160 679 1213 766 (cf.
1235 684 1342 768 imago
1365 685 1410 750 si-

258 782 343 850 milis
358 783 453 868 Vesp.
470 786 508 847 31
527 781 620 866 sqq.).
657 783 687 849 A
709 783 827 850 talibus
848 789 956 852 autem
970 783 1049 850 loeis
1064 783 1257 851 recentiores
1271 785 1320 852 illi
1333 807 1409 871 pro-

257 885 333 951 fecti
355 903 425 951 esse
451 883 613 967 uidentur,
636 883 695 952 sed
716 889 816 951 totam
837 885 1063 970 propriamque
1084 885 1232 969 imaginis
1254 887 1320 954 uim
1341 909 1410 955 non

256 987 321 1052 iam
344 987 524 1054 sentiebant
535 985 569 1069 ¹).

344 1086 441 1155 Vides
465 1093 586 1170 quanta
608 1089 801 1155 locutionum
823 1086 1020 1156 nouioiarum
1043 1085 1137 1172 eopia
1152 1109 1193 1154 ex
1207 1089 1334 1174 optimis
1348 1090 1407 1155 ha-

258 1210 327 1255 rum
356 1189 536 1255 fabularum
563 1191 704 1258 fontibus
731 1191 834 1275 repeti
860 1190 970 1274 possit.
1015 1189 1121 1268 Quare
1150 1196 1257 1256 cetera
1280 1209 1408 1272 quoque

258 1308 341 1372 quae
363 1309 404 1354 ex
426 1291 495 1356 solo
518 1291 622 1360 Athoo
638 1292 853 1359 Zachariaeus
875 1293 895 1359 l.
911 1311 937 1357 s.
953 1311 978 1359 s.
1001 1291 1131 1374 collegit
1152 1291 1283 1358 alterius
1305 1293 1407 1377 potis·

257 1389 373 1454 simum
401 1397 432 1456 et
461 1393 546 1458 tertii
574 1414 605 1478 p.
629 1393 701 1460 Chr.
725 1415 755 1460 n.
785 1393 907 1460 saeculi
936 1390 1055 1459 indicia
1083 1391 1116 1458 in
1137 1392 1320 1460 uniuersum
1340 1393 1406 1461 fide

257 1495 331 1556 sunt
359 1490 470 1575 digna:
509 1495 624 1576 quibus
654 1514 736 1578 quae
763 1495 833 1580 ipse
863 1495 941 1561 olim
974 1493 1093 1560 contuli
1126 1514 1166 1560 ex
1198 1494 1407 1580 scriptoribus

256 1593 367 1659 Babrii
388 1601 423 1660 ut
444 1595 615 1663 credebam
636 1600 703 1664 fere
725 1597 915 1679 aequalibus
937 1594 1096 1679 (Aeliano,
1124 1594 1281 1680 Oppiam,
1304 1595 1404 1664 Hero-

257 1694 368 1780 diano,
399 1696 468 1782 all.)
494 1698 646 1766 hocloco
668 1698 797 1766 adicere
820 1718 937 1782 operae
961 1697 1099 1782 pretium
1120 1717 1184 1763 non
1206 1697 1320 1766 habeo.
1365 1697 1404 1764 Id

256 1804 363 1864 temen
386 1798 470 1866 addo
499 1800 681 1867 uniuersum
702 1800 812 1867 Babrii
841 1798 968 1866 dicendi
996 1818 1112 1883 genus,
1141 1796 1228 1880 quod
1255 1800 1402 1883 planissi-

256 1919 343 1965 mum
366 1907 414 1966 est
436 1906 468 1967 et
489 1919 632 1968 summae
655 1902 794 1968 maxime
816 1902 849 1967 in
871 1900 1042 1968 enuntiatis
1072 1899 1300 1985 coniungendis
1329 1901 1401 1967 sim-

255 1999 424 2084 plicitatis,
446 2002 533 2069 illius
556 2023 626 2069 esse
648 2003 720 2069 aeui
743 2025 794 2070 me
816 2003 950 2085 sentire,
972 2003 1005 2068 in
1027 2021 1090 2084 quo
1115 2002 1277 2069 rhetorum
1299 2009 1332 2070 et
1352 2023 1400 2071 so·

255 2100 433 2184 phistarum
455 2103 663 2169 recentiorum
686 2105 799 2170 studiis
822 2124 925 2170 sermo
946 2104 1087 2171 Graecus
1109 2103 1152 2169 ad
1173 2103 1355 2171 libertatem
1370 2110 1401 2172 et

255 2201 442 2267 facilitatem
463 2223 592 2287 prorsus
613 2225 730 2272 nouam
752 2205 923 2290 perductus
952 2211 1001 2272 est
1009 2205 1051 2289 ²):
1083 2204 1137 2286 qui
1162 2223 1275 2271 sensus
1297 2212 1401 2272 utrum

254 2323 307 2370 me
328 2303 478 2370 fefellerit
498 2325 598 2372 necne
613 2305 780 2390 peritiores
795 2307 916 2374 iudices
932 2306 1163 2392 disceptabunt.
1201 2305 1281 2373 Sunt
1295 2312 1401 2374 autem

256 2425 339 2488 quae
360 2406 443 2472 hanc
465 2424 591 2488 quoque
614 2412 753 2474 aetatem
775 2409 937 2476 labentem
958 2409 1100 2474 indicare
1115 2406 1285 2474 uideantur
1299 2426 1401 2489 eaque

254 2527 318 2573 non
333 2508 435 2574 solum
450 2507 482 2572 in
501 2510 629 2593 syntaxi
639 2510 676 2595 ³),
698 2512 756 2578 sed
778 2513 876 2578 etiam
896 2512 930 2578 in
951 2510 1023 2596 ipsa
1044 2507 1194 2576 narrandi
1215 2515 1293 2574 arte.
1330 2510 1400 2589 Quo

254 2608 287 2674 in
309 2628 425 2692 genere
447 2610 585 2676 maxime
609 2612 816 2679 memorabile
838 2611 928 2696 illud,
952 2609 1038 2695 quod
1059 2615 1155 2696 poeta
1176 2609 1209 2674 in
1231 2609 1311 2676 colis
1333 2611 1400 2692 qui-

254 2711 313 2777 bus
335 2711 508 2778 admodum
531 2712 707 2780 delectatur
728 2713 880 2780 breuibus
902 2718 935 2780 et
951 2734 986 2781 se
1002 2711 1235 2796 excipientibus
1249 2711 1399 2798 simplici-

254 2813 330 2878 tatis
352 2813 492 2895 quodam
513 2815 677 2899 popularis
699 2814 804 2882 studio
825 2815 939 2882 inscito
958 2814 1045 2881 idem
1059 2814 1252 2882 uocabulum
1267 2816 1400 2900 repetit:

342 2969 365 3031 l)
383 2964 483 3019 Similis
501 2968 543 3018 est
560 2980 626 3019 usus
643 2961 843 3033 ἀποβουκολὲο),
861 2958 1073 3033 ἇποβοοκολίζω,
1094 2963 1321 3034 παροβονκολίζον
1339 2979 1400 3019 uer·

251 3049 357 3103 borum.
393 3049 471 3103 Certe
493 3048 698 3119 παρβουκολίξει
719 3049 941 3119 Lycophr.1094
963 3049 1065 3104 nullam
1089 3047 1171 3102 habet
1194 3050 1399 3104 auctoritatem:

252 3132 286 3187 cf.
297 3133 407 3188 Baehm.
418 3133 453 3187 ad
462 3133 488 3186 b.
501 3134 518 3186 l.

338 3219 364 3283 ν)
381 3217 407 3268 Α
428 3232 511 3286 prosa
531 3217 604 3272 illius
627 3216 756 3286 temporis
780 3218 902 3274 oratione
921 3217 1013 3273 Babrii
1035 3233 1123 3274 sermo
1145 3219 1192 3272 uix
1216 3217 1340 3272 diuersus
1357 3221 1399 3272 est

252 3301 305 3356 nisi
322 3304 418 3356 metro.
448 3302 490 3356 De
506 3295 626 3372 ἀφελείᾳ,
645 3316 715 3370 quae
732 3302 819 3371 prima
834 3302 928 3360 Babrii
945 3308 987 3357 est
1003 3303 1100 3368 uirtus,
1118 3303 1199 3370 longa
1216 3301 1400 3370 disputatione

251 3385 377 3457 exposuit
394 3385 582 3454 Hermogenes,
601 3405 630 3440 π.
646 3382 681 3439 tf.
700 3386 733 3453 ΙΙ,
747 3391 761 3442 3
780 3387 903 3457 idemque
918 3387 1113 3454 Nicostratum,
1131 3402 1210 3456 quem
1222 3385 1316 3440 Babrii
1333 3401 1398 3440 auc·

249 3478 336 3528 torem
353 3470 439 3525 fnisse
458 3469 575 3538 conicio,
598 3476 710 3540 propter
732 3471 820 3540 ipsam
841 3473 912 3528 hanc
929 3471 1126 3541 simplicitatem
1144 3470 1254 3527 summis
1272 3470 1398 3525 laudibus

248 3559 326 3612 effert
344 3555 390 3620 lib.
401 3558 450 3622 12).
1057 3567 1060 3573 ¹

335 3645 362 3707 3)
379 3639 594 3695 Eberhardianis
612 3639 682 3694 addo
701 3640 903 3695 coniunctiuum
920 3645 983 3710 post
1000 3646 1105 3709 tempus
1123 3640 1282 3695 historicum
1299 3641 1396 3695 admis-

249 3742 309 3782 sum
327 3730 374 3793 93,
393 3731 404 3780 l
424 3721 530 3778 Λύκων
547 3722 800 3802 παρῆσανᾶγγεὶοι
814 3764 842 3778 .,
859 3763 865 3777 .
881 3719 973 3796 ὅρκους
993 3729 1119 3798 φέροντες
1129 3763 1135 3777 .
1147 3763 1153 3777 .
1163 3764 1169 3777 .
1179 3721 1224 3794 ἐφ’
1244 3711 1269 3792 ᾧ
1291 3723 1396 3793 λάβωσι

248 3808 318 3876 κτλ,
339 3815 396 3876 127,
415 3816 437 3865 l.
454 3815 469 3864 3
487 3806 564 3863 ὄνον.
575 3848 581 3861 .
592 3849 598 3862 .
609 3807 720 3881 ἐπράθη
731 3849 737 3863 .
748 3849 754 3861 .
765 3850 770 3862 .
781 3803 855 3864 ὅστις
873 3814 940 3882 φέρῃ
958 3814 1030 3874 (-ει
1047 3810 1162 3876 Eberh.,
1179 3809 1215 3863 cf.
1230 3825 1257 3878 p.
1270 3808 1334 3876 XI):
1345 3813 1347 3818 '
1357 3809 1396 3862 ita

248 3893 577 3964 Aeh.Tcrius.p.1er‚rr
593 3893 706 3949 Herem:
731 3891 779 3947 οὖν
797 3895 876 3961 εἶχον,
900 3887 975 3949 ὅπως
992 3891 1129 3962 πύθωμαι
1146 3897 1174 3948 et
1191 3909 1218 3962 p.
1231 3897 1287 3960 170,
1302 3897 1330 3947 ὃς
1348 3887 1395 3945 οὒκ

249 3978 318 4044 εῖχεν
331 3973 405 4032 ὅστις
415 3985 539 4052 γένηταις
558 3979 638 4048 plura
650 3980 772 4049 exempla
785 3995 818 4034 ex
830 3979 914 4048 epicis
926 3978 1121 4035 recentioribus
1137 3977 1282 4048 (Oppiano,
1295 3976 1394 4045 Quinto

248 4063 408 4133 Smyrnaeo,
430 4063 548 4132 Orpheo)
571 4063 678 4132 collegit
695 4063 726 4119 P.
739 4064 899 4132 Wittingius
915 4059 960 4118 ‘de
982 4079 1034 4118 usu
1053 4063 1217 4118 coniunctiui
1234 4066 1262 4118 et
1279 4060 1395 4132 optetiui

248 4189 254 4203 .
267 4189 272 4200 .
286 4147 377 4217 ‚apud
394 4145 485 4216 epicos
504 4143 632 4202 Graecos'
652 4163 679 4216 p.
689 4152 719 4202 ’11
731 4164 770 4219 sq.
781 4153 823 4215 76,
836 4147 870 4204 cf.
880 4165 907 4218 p.
918 4153 948 4202 55
960 4151 1037 4202 etot.
