3118 4870
574 409 606 464 de
623 410 717 466 Babrii
734 415 831 466 aetate.
1220 417 1283 478 225

214 580 269 643 καί
295 576 378 664 ζωῆς
399 603 457 660 μιν
480 574 631 666 δι’μερσεν.
670 575 733 646 'le'
759 578 805 659 ὡς
831 581 869 648 ὃν
893 581 1019 665 ἔτευχεν
1043 577 1099 650 ἐπ’
1127 583 1216 674 ἄλλῳ

305 676 339 743 ἐκ
361 685 469 744 κείνου
492 680 624 768 τλήμων
648 675 746 760 αὐτὸς
769 682 880 749 ἔδεκτο
902 684 1014 773 μόρον.

131 779 223 846 Certe
253 800 325 845 oum
354 781 414 847 hac
444 803 507 847 una
536 782 662 871 κορώνη
693 782 750 850 τὸν
780 791 940 872 σκορπίον
963 789 1166 871 prouerbium
1189 798 1282 860 uetus

130 882 294 965 conuenit,
324 881 410 965 quod
436 885 576 969 explieat
602 885 760 952 Zenobius
782 888 836 970 IV,
860 891 900 952 60
927 893 1096 974 παροιμία
1127 887 1185 956 ἐπὶ
1213 896 1280 958 τῶν

129 981 301 1068 δυσχερέσι
328 985 384 1048 καὶ
410 985 588 1072 βλαβεροῖς
619 985 888 1076 ἐπιχειρούντων·
920 985 1109 1078 έλλειπτικὴ
1134 990 1170 1056 δέ
1192 990 1280 1059 ἐστι·

129 1084 240 1148 λείπει
261 1081 324 1168 γὰρ
347 1081 384 1148 τὸ
408 1077 549 1171 ἥρπασε.
593 1091 662 1154 Καὶ
690 1088 753 1177 γὰρ
780 1085 973 1176 ἁρπασθεὶς
996 1085 1013 1154 ὁ
1038 1098 1199 1178 σκορπίος
1222 1087 1281 1158 οὐκ

80 1176 84 1186 ’
128 1183 264 1252 ’ἔλαττον
297 1183 443 1269 ἔδρασεν,
473 1185 626 1270 έμβαλων
655 1193 704 1274 τῴ
730 1195 852 1278 κέντριμ
874 1189 932 1258 τὸν
956 1189 1015 1272 ἰὸν,
1046 1185 1133 1279 ἤπερ
1156 1192 1278 1276 ἐ’παθε,

126 1287 348 1370 Diogenianus
363 1288 399 1370 V,
423 1291 463 1351 59
478 1305 521 1340 -·-=
537 1289 669 1375 Gregor.
686 1291 780 1376 Cypr.
796 1295 837 1360 Μ.
854 1295 909 1377 ΠΙ,
926 1297 966 1358 85
989 1291 1048 1358 έπὶ
1069 1297 1135 1360 ταῖν
1156 1297 1279 1380 βλαβε-

128 1400 198 1473 ροῖς
222 1385 487 1475 ἐπιχειρούντων,
509 1391 666 1457 Macarius
678 1393 716 1475 V,
735 1397 772 1456 19
796 1394 907 1459 λείπει
928 1386 1087 1480 ἥρπασεν.
1132 1393 1279 1463 ἐπὶτῶν

126 1487 209 1554 κακὰ
233 1495 351 1576 σφίσιν
374 1483 488 1567 αὐτοῖς
510 1489 737 1576 ἐπαγομένων,
769 1495 880 1579 Apost.
894 1496 953 1578 IX,
969 1499 1009 1559 99
1033 1494 1178 1562 ἐπὶτῶν
1201 1497 1278 1562 ἑαν-

126 1604 196 1668 τσῖς
220 1589 457 1668 λανθανόννως
478 1592 577 1660 κακόν
599 1619 633 1660 τι
656 1591 901 1678 ἐπισπωμένων
916 1595 949 1676 1).

213 1693 304 1760 Bodl.
323 1697 380 1756 117
398 1693 454 1776 (=
469 1701 590 1762 tetrast.
607 1699 646 1762 23
663 1696 743 1762 Neu.
759 1716 789 1780 p.
807 1700 868 1761 208
885 1697 966 1780 Cor,
987 1697 1024 1764 cl.
1041 1696 1157 1764 Eberh.
1173 1718 1203 1782 p.
1221 1697 1276 1780 93)

125 1794 158 1858 in
187 1795 354 1860 notissima
383 1795 556 1863 Stesichori
583 1797 695 1864 fabula
722 1819 780 1882 pro
812 1816 893 1880 equo
922 1799 964 1864 ab
995 1797 1166 1866 Aristotele
1196 1798 1277 1864 rhet.

125 1897 168 1978 Π,
193 1900 242 1977 20,
266 1897 399 1962 Horatio
423 1918 471 1982 ep.
494 1899 518 1981 Ι,
546 1903 593 1982 10,
612 1901 653 1962 34
669 1919 749 1982 sqq,
772 1899 944 1966 Plutarcho
966 1901 1055 1964 Arat.
1072 1903 1122 1979 38,
1147 1899 1277 1966 Conone

125 2003 243 2062 narrat.
267 2001 318 2080 42,
340 1998 523 2081 Nicephoro
545 1997 600 2083 (ex
622 2000 838 2086 Hermogene)
853 2001 945 2066 Walz
965 2000 1059 2066 rhctt.
1075 2001 1101 2084 Ι,
1118 2021 1150 2084 p.
1166 2005 1241 2084 424,
1262 2007 1271 2064 l

126 2097 245 2164 tradito
264 2099 350 2184 apud
364 2101 517 2166 Babrium
532 2121 610 2186 aper
625 2101 815 2168 substitutus
831 2109 889 2186 est,
913 2103 1160 2187 quamprimum
1176 2119 1276 2183 quan-

124 2204 193 2266 tum
214 2200 280 2266 scio
302 2200 447 2269 inuenies
469 2202 558 2287 apud
579 2203 762 2270 Phaedrum
777 2204 830 2285 IV,
848 2209 877 2268 4.
912 2194 1023 2270 'simili
1044 2203 1166 2270 ratione
1189 2201 1276 2286 apud

123 2301 284 2367 Auianum
307 2303 372 2368 fab.
388 2307 428 2368 30
443 2331 486 2354 =
501 2303 597 2368 Babr.
613 2307 653 2368 95
676 2305 710 2368 in
732 2305 818 2370 cerui
840 2305 956 2371 Graeci
979 2306 1084 2372 locum
1097 2317 1186 2389 ‘aper
1207 2325 1275 2370 suo·

125 2401 231 2468 cessit.

210 2500 310 2567 Vides
332 2500 443 2586 igitur,
474 2521 569 2583 quam
591 2522 690 2586 saepe
712 2503 745 2566 in
766 2501 817 2566 his
839 2503 957 2568 fabulis
979 2503 1101 2570 formae
1125 2506 1276 2590 antiquae

124 2611 264 2672 nouatae
292 2601 356 2668 sint
385 2621 424 2668 ac
452 2601 645 2687 dissolutae,
674 2603 846 2670 hebetatae
871 2609 1056 2687 corruptae,
1084 2605 1181 2688 idque
1203 2626 1274 2688 gra-

124 2707 196 2772 uius
225 2703 387 2770 interdum
415 2723 511 2785 quam
540 2705 628 2788 apud
649 2703 847 2771 Phaedmm:
878 2722 976 2784 quare
1002 2702 1096 2770 fictae
1118 2725 1181 2770 non
1203 2711 1277 2772 sunt

126 2830 146 2874 a
172 2812 271 2892 poeta
292 2803 513 2871 Alexandrino
543 2825 648 2886 neque
673 2805 809 2871 haustae
833 2826 873 2872 ex
894 2805 966 2888 ipsa
987 2804 1091 2888 prima
1110 2805 1275 2890 primaria-

127 2927 188 2990 que
210 2907 368 2972 Demetrii
390 2906 540 2972 Phalerei
563 2907 750 2974 collectione
765 2943 807 2956 -
822 2906 857 2972 id
880 2905 965 2988 quod
986 2911 1138 2990 putarunt
1156 2905 1275 2972 Coralis

125 3032 156 3095 p.
178 3007 217 3091 κ’,
246 3006 471 3074 Schneidewin
493 3009 515 3074 l.
538 3027 563 3074 s.
586 3029 628 3092 s.,
654 3010 815 3090 Wagener
833 3001 995 3092 ‘rapports
1017 3013 1106 3072 entre
1128 3006 1176 3072 les
1198 3025 1275 3090 apo·
1307 3039 1310 3042 ·

125 3102 250 3196 logues'
276 3130 306 3194 p.
326 3113 379 3190 45,
410 3109 522 3176 Keller
542 3129 573 3192 p.
591 3113 652 3174 385
676 3147 732 3193 -,
762 3111 859 3175 immo
885 3109 1059 3174 maximam
1087 3111 1211 3190 partem
1234 3126 1273 3173 ex

126 3209 274 3296 populari
296 3209 404 3294 aliquo
428 3216 460 3276 et
481 3211 603 3277 receuti
625 3210 736 3276 libello
758 3209 925 3294 repetitae,
949 3207 1058 3290 qui-
1074 3207 1156 3274 sieut
1173 3227 1273 3292 popu·

125 3314 211 3378 lares
240 3310 339 3377 nostri
367 3309 470 3376 libelli
496 3347 537 3356 —
567 3310 704 3377 saeculis
731 3310 1008 3394 praetereuntibus
1040 3327 1134 3374 casus
1167 3309 1274 3374 uarios

126 3431 305 3498 grauesque
327 3431 497 3496 perpessus
520 3418 597 3477 erat.

214 3551 236 3610 ι)
255 3545 423 3614 Quamquam
441 3543 577 3612 suspicari
593 3543 681 3612 possis
699 3542 734 3597 ad
751 3541 871 3600 fabulam
894 3542 1031 3611 prioribus
1048 3540 1102 3596 illis
1120 3539 1274 3594 similiorem

126 3635 250 3700 spectare
274 3629 347 3698 quod
363 3628 560 3698 Aristophanes
582 3627 666 3682 habet
687 3627 782 3696 equitt.
801 3630 863 3680 197:
887 3619 947 3678 ἀλλ’
968 3620 1074 3679 ὁπόταν
1093 3619 1188 3694 μάρψῃ
1209 3627 1273 3694 βαρ-

126 3721 232 3767 σαίετοε
243 3710 421 3784 ἀγκυλοχήλης
432 3713 441 3782 ΙΙ
454 3710 612 3784 γαμφηλῇσι
624 3709 760 3785 δράκοντα
772 3709 905 3779 κοάλεμον
916 3707 985 3762 acb:
999 3709 1047 3764 ubi
1058 3709 1154 3777 postea
1166 3708 1202 3770 (ιι.
1214 3708 1275 3773 210)

125 3799 200 3854 illum
219 3798 253 3853 ab
271 3798 323 3854 hoe
341 3799 444 3853 uictum
460 3796 494 3850 iri
511 3796 617 3850 dicitur.
652 3796 732 3852 Certe
749 3795 822 3864 quod
839 3795 868 3848 in
885 3793 966 3848 simili
986 3791 1097 3848 oraculo
1115 3789 1228 3858 legimus
1245 3804 1272 3842 u.

129 3889 192 3938 1038
218 3881 308 3948 [λέων]
325 3921 331 3934 .
347 3921 353 3933 .
369 3921 375 3934 .
392 3879 500 3936 πολλοῖς
522 3875 638 3950 κώνωψι
659 3884 785 3948 μαχεῖται
806 3877 946 3946 ephesimo
969 3876 1071 3932 referes
1095 3873 1131 3928 ad
1152 3872 1274 3927 fabulam

126 3963 233 4037 κώνωψ
250 3971 296 4020 καὶ
313 3964 384 4020 λέων
401 3966 469 4021 Ach.
483 3964 545 4020 Tat.
561 3964 597 4031 ll,
611 3967 653 4031 22,
672 3963 758 4018 Nicet.
770 3961 856 4015 Chen.
866 3960 955 4015 annal.
963 3977 991 4030 p.
1003 3963 1061 4024 317,
1078 3957 1113 4012 Η.
1122 3961 1185 4011 234:
1204 3969 1275 4025 quae

126 4051 305 4122 Aristophani
322 4051 346 4106 si
363 4055 428 4106 uota
446 4055 519 4117 erat,
537 4049 585 4103 uix
602 4047 717 4116 repetita
735 4049 776 4100 est
794 4059 827 4098 ex
843 4043 935 4110 India,
952 4049 984 4098 ut
1001 4042 1128 4098 Beufeius
1146 4041 1274 4110 opinatur

126 4135 278 4191 Pantsch.1
290 4152 317 4204 p.
329 4139 377 4190 245
389 4149 428 4204 sq.
447 4133 611 4189 assentiente
629 4129 736 4185 Rohdio
755 4127 833 4184 Rom.
843 4144 871 4196 p.
881 4132 940 4182 452.
1052 4195 1053 4200 ἵ
