3118 4870
264 413 338 506 ‚262
694 409 865 466 Hermaunns
883 407 1008 464 Gaumitz

276 596 344 655 tore
372 583 443 667 (25,
465 581 499 666 4)
526 580 711 662 laudatione
740 581 838 663 longa
863 598 926 645 non
952 579 1055 646 miuus
1078 577 1274 646 audientium
1298 577 1422 648 animos

276 687 443 775 permonit,
467 703 563 766 qnam
586 683 723 749 Scaurus
745 682 814 767 ipse
835 681 978 748 oratioue
1000 701 1058 747 sua
1079 687 1289 765 permonerat.
1326 680 1421 748 Deui-

277 809 339 875 que
368 787 411 854 ad
438 806 543 872 genua
571 784 712 852 iudicum
742 802 814 849 curn
841 783 1019 850 sentcntiae
1040 785 1197 850 ferrentur
1219 781 1365 848 bifariam
1388 802 1421 848 sc

200 912 208 936 ·
277 892 454 959 diuiserunt
476 888 530 970 qui
551 907 609 972 pro
631 905 686 954 reo
712 885 868 969 rogabant
880 883 912 968 ¹).

362 991 428 1060 Sed
457 991 517 1058 etsi
545 989 653 1056 omnia
676 989 756 1054 haec
777 986 913 1069 gratiam
935 985 1075 1054 iudicum
1098 1005 1153 1052 reo
1175 984 1346 1054 conciliare
1368 1005 1421 1068 po·

277 1096 375 1164 tuisse
398 1115 461 1160 nou
482 1110 643 1175 negemus,
666 1090 732 1156 iuro
748 1094 853 1154 tamen
870 1089 1055 1154 miraremur
1070 1085 1226 1153 Scaurum
1240 1087 1422 1153 absolutum

278 1217 359 1280 esse,
381 1195 443 1262 nisi
464 1193 524 1259 hoc
545 1191 697 1258 iudicium
719 1189 878 1257 artissime
897 1210 969 1256 curn
984 1189 1193 1274 reipublicae
1208 1188 1422 1254 statucohae-

278 1299 360 1366 sisse
382 1301 539 1362 constaret
548 1292 583 1379 2).
628 1293 740 1375 Neque
763 1292 848 1358 enim
870 1291 911 1358 de
927 1290 1038 1358 Scauri
1060 1291 1156 1376 culpa
1177 1291 1344 1374 agebatur,
1366 1289 1423 1354 sed

277 1409 382 1466 utrum
413 1397 522 1463 consul
550 1394 641 1462 fieret
668 1413 767 1460 necne
796 1401 957 1461 certamen
982 1398 1059 1460 erat.
1103 1391 1278 1469 Arrianis
1311 1389 1421 1456 ardeu-

277 1499 400 1566 tissime
429 1498 613 1582 cupiebant,
641 1503 676 1562 ut
705 1498 738 1562 in
763 1519 880 1564 aunum
902 1500 1088 1578 sequentem
1111 1493 1257 1560 consules
1280 1511 1421 1559 crearen-

279 1608 337 1684 tur,
361 1601 457 1683 idque
479 1606 514 1665 ut
535 1600 751 1684 impetrarent,
774 1599 881 1666 omnia
898 1597 1112 1664 moliebantur
1129 1615 1168 1662 ac
1183 1593 1360 1676 tentabant,
1384 1592 1423 1660 de

278 1703 411 1770 honesto
440 1720 568 1786 prorsus
597 1701 714 1784 securi;
744 1701 831 1784 aliis,
862 1720 924 1783 quo
953 1700 987 1766 in
1008 1717 1139 1765 numero
1163 1702 1230 1762 erat
1253 1695 1423 1780 Pompeius

277 1804 386 1890 ipsci),
402 1803 615 1884 interregnum
631 1808 773 1885 optatum
789 1809 857 1870 erat
868 1807 923 1868 aut
938 1801 1104 1867 dictatura.
1130 1799 1216 1878 Quas
1228 1817 1278 1864 res
1290 1795 1421 1881 diligen-

278 1907 401 1972 tissime
416 1903 603 1988 explanarit
617 1905 652 1968 L.
668 1903 849 1986 Largius
864 1904 897 1969 in
913 1903 1004 1966 Rom.
1018 1903 1082 1964 Ab.
1098 1901 1176 1983 1112,
1190 1919 1222 1982 p.
1239 1902 1421 1981 sta-3663

279 2007 414 2089 quaesi
442 2005 558 2086 legeris
585 2005 768 2085 intelleges,
799 2025 860 2086 quo
889 2006 957 2071 iure
980 2004 1090 2070 Cicero
1118 2002 1161 2084 (S.
1186 2000 1240 2084 30)
1265 2000 1423 2066 iudicibus

278 2105 473 2193 persuadere
495 2103 649 2171 studuerit
672 2105 782 2172 Scauri
805 2105 951 2169 iodicium
972 2125 1033 2168 aon
1055 2103 1178 2176 iudicii,
1208 2101 1265 2165 scd
1285 2103 1422 2164 comitio-

278 2229 348 2271 rum
371 2206 580 2270 consularium
603 2228 696 2270 caasa
718 2229 784 2270 essa
806 2218 1028 2291 comparatum..

364 2308 438 2374 Alia
465 2307 529 2372 iam
559 2310 719 2392 quaestio,
749 2328 831 2390 quae
859 2308 902 2374 ad
923 2307 1075 2374 iudicium
1097 2305 1251 2391 pertinet,
1278 2323 1423 2386 caqnea

278 2412 355 2478 uiris
378 2410 479 2476 doctis
501 2411 633 2476 multum
650 2409 829 2495 disceptata
840 2415 955 2476 restat:
978 2415 1075 2494 quot
1097 2407 1293 2486 cuiusque
1316 2407 1421 2471 ordi-

280 2513 340 2578 nis
368 2511 526 2578 iudices
556 2511 786 2578 sententias
814 2511 995 2578 tulerint.
1040 2510 1119 2576 (lum
1151 2507 1233 2574 enim
1256 2527 1284 2572 a.
1310 2513 1422 2583 tobel

280 2615 334 2680 lex
356 2612 448 2679 Fufia
469 2614 507 2678 A.
530 2613 612 2678 Fufii
636 2611 778 2696 Galerii)
801 2615 932 2697 ualeret,
956 2633 997 2678 ex
1020 2632 1083 2694 qua
1104 2616 1169 2676 tres
1192 2608 1329 2692 ordiner,
1353 2610 1424 2690 lege

279 2715 410 2782 Aurelia
431 2714 597 2780 iudiciaria
612 2734 641 2778 a.
658 2718 772 2791 dStlib
788 2714 932 2798 instituti,
955 2719 1129 2796 senatores,
1152 2711 1284 2795 equites,
1307 2711 1424 2776 tribuni

280 2817 395 2884 aerarii
417 2815 602 2882 iudicabant
624 2835 671 2898 ac,
694 2837 734 2881 ue
756 2817 838 2882 alius
861 2814 938 2881 ordo
961 2815 1017 2880 alii
1037 2814 1153 2880 iniusta
1167 2811 1286 2878 iudicia
1302 2812 1424 2878 crimini

281 2919 372 2985 daret
382 2917 424 3000 ⁵),
447 2923 511 2984 tres
532 2937 632 2983 urnac
653 2917 695 2982 ad
718 2917 893 2984 sententias
915 2916 1064 2982 ferendas
1089 2913 1297 2981 collocandae
1320 2919 1422 2980 erant:

279 3021 376 3086 etiam
398 3018 520 3084 numeri
542 3018 682 3085 indicum
698 3020 869 3086 memoriae
885 3017 995 3084 traditi
1009 3023 1090 3082 sunt.
1126 3016 1213 3081 Dicit
1229 3016 1311 3082 enim
1328 3018 1421 3082 Asco-

280 3121 350 3186 nius
372 3117 522 3204 (25,14):
544 3122 712 3183 sententias
735 3121 873 3182 tolerant
893 3129 1055 3182 senatores
1076 3117 1137 3180 duo
1161 3127 1193 3179 ct
1212 3115 1282 3188 XX,
1307 3118 1424 3200 equitas

279 3231 344 3284 tras
372 3231 404 3282 ct
431 3219 511 3294 XX,
549 3220 667 3283 tribuni
693 3223 814 3284 cerarii
841 3219 954 3283 XXV:
990 3241 1034 3282 ccc
1062 3218 1171 3304 quibas
1198 3217 1424 3280 damnauerunt

278 3331 440 3384 senatores
462 3321 554 3394 IIII,
579 3323 697 3406 equites
718 3321 769 3393 ΙΙ,
800 3321 983 3386 tribunall.
1029 3320 1239 3404 Septuaginta
1260 3319 1358 3400 igitur
1377 3319 1422 3382 iu·

280 3424 367 3490 dices
395 3421 543 3504 aderant,
580 3443 621 3488 ex
653 3423 767 3505 quibus
796 3445 885 3490 rcum
914 3423 1120 3490 absoluerunt
1152 3421 1321 3504 sexaginta
1351 3419 1421 3500 duo,

366 3645 389 3700 1)
408 3641 543 3696 Asconius
562 3644 614 3706 (25,
629 3643 655 3707 t)
673 3639 781 3694 nomina
799 3654 892 3694 corum
909 3639 999 3703 habet,
1019 3638 1193 3692 Drumannus
1212 3637 1321 3705 (Gesch.
1333 3639 1421 3692 Roma.

279 3725 325 3780 Vl.
335 3735 361 3794 p.
373 3729 415 3790 38)
433 3740 523 3794 pauca
541 3725 574 3780 de
586 3723 696 3794 singulis
709 3723 794 3778 affert.
865 3727 890 3790 2)
909 3724 964 3778 Cic.
977 3739 1026 3792 pro
1038 3723 1141 3778 Scauro
1153 3723 1179 3790 ξ.
1189 3725 1230 3776 30.
1300 3727 1326 3787 3)
1344 3723 1420 3777 Porn-

279 3811 355 3879 peius
379 3815 459 3864 antea
477 3809 580 3864 Scauro
602 3808 742 3872 studebat,
770 3809 817 3863 sed
843 3811 934 3862 utrum
955 3806 1046 3864 fronte
1068 3823 1103 3862 an
1119 3812 1217 3872 mente,
1236 3806 1421 3862 dubitabatur:

280 3894 375 3950 deinde
393 3910 454 3950 enm
472 3893 582 3961 abiecit;
607 3893 640 3947 cf.
658 3893 712 3949 (iic.
727 3893 762 3948 ad
779 3893 836 3946 Att.
851 3897 875 3960 4,
894 3899 932 3958 15,
946 3897 971 3946 7.
999 3892 1034 3947 ad
1046 3891 1119 3960 er.
1131 3897 1154 3957 3,
1165 3895 1188 3958 8,
1200 3896 1224 3946 3.
1250 3892 1312 3948 Asc.
1330 3897 1366 3956 tl,
1377 3895 1420 3945 22:

279 3977 336 4032 Sed
357 3980 384 4033 ei
405 3980 433 4033 iu
457 3979 557 4034 iudicio
581 3994 668 4048 neque
685 3976 832 4049 Pompeias
853 3993 1017 4048 propensum
1039 3977 1204 4032 adiutorium
1217 3978 1348 4047 praebuit
1365 4015 1371 4028 .
1390 4015 1421 4029 ..

273 4065 305 4126 q)
324 4062 394 4117 Lata
412 4079 436 4118 a.
456 4064 563 4134 695)59;
583 4063 616 4118 cl.
631 4063 705 4118 Cass.
718 4061 798 4116 Dion.
810 4065 850 4128 38,
864 4064 888 4116 8.
975 4066 1000 4128 5)
1018 4062 1052 4114 A,
1062 4063 1104 4116 W.
1117 4062 1224 4130 Zumpt,
1240 4061 1317 4115 Rom.
1331 4061 1420 4115 (irim-

279 4146 374 4202 Rccbt.
384 4147 418 4214 ΙΙ,
430 4151 453 4202 2.
472 4148 563 4204 Berlin
576 4151 648 4213 1869,
666 4163 693 4216 p.
704 4150 760 4200 293.
