3138 4872
269 426 331 488 192
751 419 815 474 Otto
834 418 946 474 drusius

269 600 379 680 lingua
394 596 527 678 Graeca,
549 593 584 660 in
607 611 671 675 qua
694 591 814 658 barbae
828 590 916 657 uocis
932 609 972 656 ne
988 586 1159 672 uestigium
1176 585 1305 668 quidem
1320 586 1425 653 ullum

269 698 464 766 inueniatur:
488 697 526 762 of.
542 695 682 778 Lottner,
706 691 829 760 Kuhn’s
843 689 996 758 Zeitschr.
1009 689 1047 772 V,
1067 691 1135 783 1112.
1151 689 1222 772 VH,
1238 691 1288 754 27.
1308 691 1377 753 186.

355 798 422 866 Sed
452 797 589 881 simplex
618 795 755 861 Babrius
783 813 899 860 nomen
927 792 961 857 in
991 788 1155 859 codicibus
1184 810 1248 855 non
1275 787 1427 854 tribuitur

270 907 394 989 poetae.
443 901 478 964 ln
510 898 683 964 Harleiano
713 897 796 963 enim
826 898 906 960 3521
937 912 1033 977 super
1060 891 1203 958 fabulam
1232 891 1273 957 de
1301 909 1358 974 spe
1386 888 1426 953 in

271 1003 370 1071 fundo
387 1000 465 1068 dolii
479 999 593 1065 relicta
608 996 678 1083 (58)
695 998 777 1065 haec
792 995 994 1062 inueniuntur
1008 993 1128 1078 scripta
1144 998 1225 1060 teste
1240 989 1424 1075 Tyrwhitto

271 1105 293 1169 1.
310 1124 335 1172 s.
350 1124 375 1170 s.
391 1123 422 1187 p.
439 1099 537 1166 0011:

581 1234 623 1246 -
645 1235 686 1246 —
712 1222 728 1260 s
754 1222 770 1258 e
796 1222 812 1260 s
838 1223 855 1259 a
880 1198 935 1282 s1)
963 1201 1111 1284 Βαβρίου

316 1304 520 1388 Βαλερίου
543 1303 766 1388 χωριαμβικοὶ
789 1305 897 1382 στίχοι
919 1298 1040 1365 ἐκτῶν
1062 1292 1234 1362 Αἰσώπου
1256 1293 1385 1378 μύθων.

274 1407 357 1472 Hine
371 1403 505 1490 profecti
520 1421 617 1468 unum
629 1402 748 1468 Valerii
764 1422 880 1469 nomen
895 1400 1030 1484 Herder,
1045 1397 1156 1465 Bahrii
1169 1397 1288 1462 Valerii
1302 1397 1426 1478 Berger

273 1511 389 1593 poetae
403 1506 631 1590 imposuerunt,
645 1505 684 1569 cf.
697 1503 820 1570 Knoch.
829 1525 860 1588 p.
871 1507 908 1568 13
921 1522 984 1586 sq.;
1001 1499 1199 1586 Tyrwhittus
1214 1503 1329 1581 autem,
1347 1517 1424 1580 quo·

274 1628 345 1674 cum
368 1607 445 1674 facit
467 1605 632 1673 Knochius
646 1626 677 1690 p.
696 1609 744 1688 ll,
768 1605 788 1670 l.
804 1625 829 1671 s.
846 1624 871 1670 s.
886 1625 918 1688 p.
935 1604 1034 1670 0011]
1053 1601 1188 1669 coniecit
1199 1594 1328 1665 ‘nomen
1342 1599 1425 1664 illud

275 1713 424 1796 Βαβρίου
448 1728 519 1776 esse
541 1706 797 1774 emendationem
812 1705 953 1788 alterius,
977 1702 1062 1786 quod
1076 1703 1160 1768 infra
1174 1701 1331 1782 scribitur,
1354 1706 1425 1764 Βα-

276 1802 413 1895 λερίου’.
451 1809 495 1874 At
514 1807 751 1876 emendationes
773 1806 820 1872 ita
842 1807 999 1874 collocari.
1014 1826 1077 1872 non
1099 1804 1211 1888 solent,
1234 1809 1331 1885 atque
1353 1823 1424 1887 per·

275 1913 391 1977 mirum
413 1908 539 1992 aedidit,
562 1908 648 1990 quod
671 1907 768 1973 etiam
783 1907 916 1992 Atheus,
940 1909 995 1989 qui
1017 1906 1133 1974 artiore
1153 1905 1293 1971 cumillo
1309 1924 1425 1989 cogna-

276 2013 362 2078 tione
384 2031 448 2077 non
470 2016 519 2076 est
540 2008 736 2092 coniunctus,
760 2008 904 2076 eiusdem
925 2009 1061 2075 nominis
1083 2007 1253 2092 uestigium
1271 2007 1371 2072 habet
1391 2005 1426 2070 in

275 2111 495 2194 inscriptione:
524 2109 761 2195 Βαλεβρίου
790 2114 982 2194 μυθίαμβοι
1003 2107 1203 2175 Αἰσώπειοι
1226 2105 1310 2172 κατὰ
1334 2127 1426 2171 στοι-

274 2222 374 2292 χεῖον.
426 2214 533 2290 στίχοι
556 2210 788 2294 perceperant.
829 2212 905 2278 Ubi
938 2213 1124 2297 Βαλεβρίου
1157 2215 1337 2292 corruptum
1370 2208 1427 2274 uix

278 2311 384 2396 aptius
406 2311 526 2396 poteris
549 2312 710 2396 explicare
733 2331 828 2394 quam
851 2313 1042 2398 suspicando
1065 2309 1243 2397 Bolslplov
1265 2307 1426 2395 Bolssplov

279 2412 423 2480 codicem
451 2410 660 2498 archetypum
695 2413 889 2480 exhibuisse.
941 2415 1030 2492 Quae
1060 2419 1092 2480 et
1119 2415 1202 2479 inter
1231 2433 1265 2478 se
1293 2417 1325 2477 et
1352 2430 1426 2475 cum

280 2510 393 2579 ceteris
423 2513 488 2579 illis
517 2513 648 2596 originis
677 2515 842 2582 Romanae
873 2515 1000 2581 indiciis
1029 2522 1095 2580 tam
1124 2513 1326 2598 singulariter
1354 2532 1426 2578 con-

279 2621 411 2698 gruunt,
434 2619 469 2680 ut
491 2635 596 2682 errore
618 2633 736 2682 casuue
759 2637 798 2682 ea
819 2622 888 2684 orta
910 2635 980 2683 esse
1005 2636 1088 2682 nunc
1111 2616 1240 2697 quidem
1263 2611 1350 2680 credi
1371 2612 1427 2676 uix

279 2716 388 2801 possit.
419 2716 1275 2800 ltaqueValeriumBabriumpoetaenomen
1296 2714 1427 2782 fuisse

279 2854 322 2863 -
344 2818 516 2900 quodiam
539 2817 767 2884 Boissonadius
790 2817 924 2884 coniecit
945 2817 1046 2883 Hasio
1068 2823 1101 2884 et
1118 2818 1260 2884 Abrente
1282 2817 1324 2884 de
1346 2816 1428 2884 erasi

279 2941 309 3004 p.
331 2923 371 2982 30
394 2908 667 3003 probantibus-
689 2938 840 3004 magnam
865 2919 963 2985 habet
984 2919 1255 3004 probabilitatem.
1300 2917 1365 2984 Sed
1388 2917 1427 2983 de

280 3019 409 3085 Valerio
439 3019 649 3085 etiamsinon
672 3020 774 3086 omnis
797 3021 926 3085 tollatur
948 3021 1129 3105 scrupulus,
1156 3027 1264 3086 tamen
1286 3020 1427 3085 Roma-

280 3141 369 3186 num
405 3121 534 3186 fuisse
570 3126 730 3205 poetam
764 3120 1070 3186 coniunctorum
1103 3126 1427 3203 argumentorum

280 3221 320 3286 ui
349 3220 586 3288 necessarie
615 3220 735 3288 credo
766 3221 1045 3288 demonstrari.

366 3323 435 3387 Iam
455 3342 532 3388 uero
555 3342 627 3388 eum
649 3322 750 3388 altero
771 3322 972 3408 potissimum
995 3327 1027 3387 et
1049 3321 1141 3390 tertio
1164 3344 1194 3406 p.
1211 3322 1284 3388 Chr.
1306 3345 1338 3388 n.
1360 3341 1427 3387 sae·

282 3424 354 3490 culo
383 3421 588 3504 semigraecis
615 3423 681 3488 illis
710 3421 874 3491 Hadriano
900 3423 1067 3490 Antoninis
1093 3423 1279 3490 Alexandro
1310 3425 1427 3490 Seuero

282 3522 526 3610 imperatoribus
548 3523 717 3608 scriptores
739 3525 874 3591 Romani
902 3524 1013 3608 lingua
1035 3524 1159 3590 Graeca
1182 3523 1231 3589 usi
1253 3525 1318 3590 sint
1326 3524 1367 3609 ²),
1390 3545 1429 3590 ea

283 3725 377 3788 hilare,
395 3721 506 3792 espalda
517 3751 548 3770 ε
558 3725 666 3793 spatula
684 3727 712 3778 et
728 3723 804 3778 veldo
822 3723 907 3791 veclo,
925 3723 1019 3778 bulrar
1030 3723 1131 3788 burlar,
1148 3724 1232 3778 melre
1247 3725 1343 3780 merlo:
1363 3740 1428 3794 quo·

285 3823 345 3862 cum
364 3808 398 3862 cf.
417 3813 539 3863 nostrum
556 3807 662 3864 Ulrichs
680 3808 807 3874 Urlichs).

371 3897 394 3958 l)
412 3891 454 3946 De
476 3892 575 3947 lacuna
592 3893 659 3947 haec
678 3892 743 3947 dicit
760 3892 938 3963 Tyruhittus:
956 3887 1123 3962 ‘praefigitur
1140 3893 1251 3959 noculo,
1275 3897 1306 3947 ut
1323 3893 1430 3947 uidetur

272 3975 392 4041 Latina,
411 3976 458 4031 sed
476 3977 679 4032 characteribus
698 3993 731 4032 ex
747 3976 922 4032 festinatione
939 3976 1080 4031 scribentis
1092 3979 1149 4030 tam
1160 3991 1289 4046 peruerse
1300 3977 1429 4042 formatis,

284 4063 316 4113 ut
333 4059 366 4113 de
382 4075 448 4114 uera
465 4075 557 4115 eorum
574 4066 711 4128 potestate
727 4060 830 4130 aliquid
849 4061 917 4117 certi
933 4065 1053 4116 statuere
1071 4060 1258 4115 difficillimum
1276 4059 1334 4116 sit'.

370 4145 395 4208 2)
414 4142 455 4197 ef.
465 4143 577 4209 Teuffel,
585 4145 689 4200 romb.
697 4147 769 4214 G.§§
780 4150 830 4200 354
839 4153 866 4202 et
876 4149 934 4212 356,
943 4144 1112 4216 Bernhardy,
1118 4145 1198 4214 gnlr.
1208 4146 1355 4214 G.Ip.590
1364 4161 1431 4214 sqq,
