3138 4872
568 479 571 485 ,
607 415 641 474 de
657 416 751 472 Babrii
768 421 866 472 aetate.
1244 416 1312 496 ‚139

163 586 352 670 Schwalbe,
381 586 439 654 der
461 586 524 671 sic,
554 587 606 654 die
629 588 820 672 Athenerin‚
843 587 900 656 der
922 589 1144 675 Sykophantie
1167 590 1311 660 beschul-

163 689 243 775 digt,
266 740 273 756 .
298 743 305 758 .
330 741 337 756 .
358 689 431 756 sind
453 711 491 757 zu
514 710 575 775 eng
598 690 655 756 mit
677 689 734 756 der
758 689 913 758 formalen
934 692 1146 778 Behandlung
1167 692 1225 760 des
1250 693 1312 760 Ge·

163 791 289 858 dichtcs
311 792 529 876 verwachsen‚
551 793 600 858 als
623 790 699 858 dass
720 791 791 858 sie.
809 791 955 859 ..durch
974 792 1028 860 die
1049 793 1312 862 Herubemahme

162 893 221 960 des
248 894 462 960 Fabelstoffes
491 893 612 961 erkldrt
638 892 769 960 werden
795 892 935 960 konnten
957 944 964 960 .
989 944 1027 960 ..
1073 895 1150 963 Hier
1179 896 1312 964 handelt

163 1016 198 1063 cs
220 994 290 1062 sich
312 995 412 1063 schcn
434 1017 487 1062 unr
510 996 653 1062 einzelne
674 997 815 1079 Wdrter,
843 994 896 1062 dle
925 996 982 1063 der
1003 998 1157 1081 populare
1179 998 1311 1064 Dichter

161 1095 287 1182 (petitio
318 1103 366 1164 est
393 1096 555 1183 principii)
582 1097 770 1181 abgestreift
797 1098 903 1164 haben
924 1089 1045 1166 wurde'
1055 1097 1088 1183 ¹).
1133 1099 1178 1166 Ut
1199 1098 1312 1166 ultima

162 1201 242 1268 haec
270 1197 442 1266 concedam
471 1235 513 1244 —
543 1218 736 1283 quamquam
768 1200 898 1266 minime
930 1206 1004 1268 sunt
1036 1200 1240 1268 concedenda
1269 1236 1310 1246 -

161 1301 247 1368 unde
268 1301 328 1368 scit
351 1299 426 1378 i'tcc
441 1301 521 1368 istus
536 1301 864 1369 Lacedaemoniorum
874 1302 899 1386 ²)
915 1301 1035 1368 luisse?
1072 1301 1204 1368 Constat
1218 1301 1309 1368 nimi-

160 1425 230 1470 mm
261 1402 335 1480 ἴλας
363 1403 450 1472 omni
478 1410 585 1470 aetate
613 1403 655 1468 ab
684 1403 831 1470 omnibus
860 1403 992 1490 Graecis
1026 1403 1068 1470 de
1103 1404 1239 1470 militum
1268 1441 1309 1450 -

160 1507 258 1574 etiam
286 1505 517 1572 Romanorum:
547 1507 586 1571 ci.
608 1505 781 1572 Herodian.
802 1506 893 1588 VIII,
918 1513 950 1587 1,
974 1508 992 1569 3
1017 1506 1217 1572 -cateruis
1245 1506 1309 1575 dic-

159 1615 211 1674 tas
239 1607 356 1688 essai).
400 1605 527 1672 Deinde
555 1617 774 1692 συκοφαντεῖν
804 1606 881 1687 quid
904 1614 1003 1687 esset,
1033 1606 1173 1674 Graecos
1194 1609 1309 1674 Rorna-

161 1727 281 1790 nosque
309 1728 433 1790 omncs,
463 1709 516 1774 uel
544 1707 780 1774 recentissimos
805 1708 1003 1774 intellexisse
1032 1729 1073 1775 ex
1102 1708 1215 1776 lexicis
1243 1729 1309 1774 ma-

160 1810 310 1876 nualibus
332 1810 483 1893 colligere
505 1814 645 1894 poterat:
674 1829 778 1891 neque
799 1809 897 1892 igitur
918 1809 978 1875 fuit
1000 1829 1112 1893 causa,
1137 1830 1192 1876 cur
1213 1814 1309 1894 poeta

161 1911 307 1993 quamuis
328 1911 474 1980 nouicius
496 1911 594 1977 uerbo
617 1911 672 1976 illo
695 1931 758 1978 non
780 1917 936 1994 uteretur;
964 1910 1175 1978 Athenienses
1201 1915 1309 1978 autem

159 2019 289 2097 propter
309 2012 411 2078 litium
434 2011 643 2097 cupiditatem
665 2018 836 2097 carpuntur
860 2009 1023 2098 uel'apud
1045 2013 1219 2080 Lucienum
1241 2013 1307 2080 lca

159 2133 277 2180 remen.
304 2119 352 2180 16.
396 2113 484 2180 Nihil
514 2113 611 2196 igitur
637 2114 718 2181 haec
746 2115 853 2180 omnia
881 2115 998 2182 ualent.
1044 2114 1157 2197 Neque
1180 2114 1308 2181 maioris

159 2221 233 2282 sunt
257 2216 353 2301 pretii
381 2236 464 2300 quae
492 2215 532 2282 de
556 2215 651 2300 Syria
671 2217 781 2285 Babrii
809 2217 914 2302 patria
936 2215 1162 2301 Hertzbergius
1188 2217 1309 2300 profert

158 2339 188 2401 p.
206 2321 263 2382 184
275 2336 333 2400 sq,
357 2317 498 2402 opinioni
512 2318 561 2384 illi
575 2318 816 2386 tundamentum
835 2319 1079 2401 substructurus,
1099 2338 1139 2386 ex
1155 2335 1219 2398 qua
1233 2317 1305 2384 Ale-

158 2418 282 2484 xander
310 2418 465 2502 prooemii
493 2420 525 2483 H
561 2426 610 2485 est
638 2420 736 2486 Balas
767 2419 880 2504 Syriae
908 2440 974 2485 rex.
1027 2421 1110 2486 Nam
1138 2426 1307 2504 postquam

157 2518 395 2585 Schneidewini
428 2537 567 2585 errorem
600 2539 696 2603 supra
730 2527 1009 2586 commemoratum
1037 2522 1179 2607 repetiit,
1213 2522 1307 2588 utiles

158 2618 316 2703 quasdam
343 2617 378 2686 Ο.
410 2618 597 2687 Schneideri
625 2627 656 2687 et
685 2619 978 2686 carlemanni
1005 2623 1244 2691 obseruationes
1275 2624 1307 2690 iu

157 2741 251 2788 usum
274 2741 366 2788 suurn
389 2720 537 2788 detorsit:
566 2723 667 2788 multa
689 2723 841 2788 Babrium
863 2740 935 2787 cum
956 2720 1110 2804 Iudaicis,
1139 2725 1193 2808 qui
1215 2726 1307 2790 LXX

158 2829 190 2888 et
204 2824 244 2890 N.
261 2824 298 2888 T.
315 2823 558 2908 composuerint,
580 2824 787 2910 scriptoribus
810 2824 988 2890 communia
1003 2824 1123 2890 habere
1144 2861 1186 2869 -
1212 2831 1246 2890 at
1268 2847 1308 2892 ea

157 2923 224 2990 fere
246 2925 352 2992 omnia
373 2926 405 2991 iu
427 2929 521 3011 κοινῇ
543 2927 640 2994 etiarn
662 2926 779 2993 aetatis
802 2925 985 3010 posterioris
1000 2926 1136 2993 inueniri
1152 2946 1192 2992 cx
1208 2926 1304 2991 Eber-

157 3024 250 3090 hardi
279 3026 557 3096 obseruationibus
585 3049 616 3113 p.
642 3033 777 3093 14-21
807 3032 841 3094 et
869 3026 1058 3094 Zachariaei
1084 3027 1307 3096 dissertatione

157 3146 186 3208 p.
210 3130 327 3192 6-16
355 3127 539 3212 intellegcs3
568 3129 726 3196 Venerem
753 3149 842 3196 more
864 3129 1008 3196 Asiatico
1034 3127 1163 3210 λύχνοις
1188 3129 1305 3197 oblatis

157 3227 219 3294 coli
240 3228 362 3310 (Herm.
386 3230 406 3294 l.
428 3249 452 3294 s.
474 3249 499 3296 s.
523 3251 553 3314 p.
574 3233 650 3315 808)
673 3267 715 3276 -
738 3238 772 3296 at
794 3227 943 3317 e'xempla
968 3232 1060 3297 huius
1083 3231 1162 3298 ritus
1183 3231 1306 3300 Asiana

157 3330 357 3396 Hermannus
379 3332 506 3397 omnino
529 3351 592 3397 non
613 3332 759 3416 protulit,
786 3333 899 3400 Italica
920 3338 1028 3399 autern
1050 3334 1203 3400 nonnulla
1224 3335 1305 3398 infra

157 3430 318 3516 inuenies;
336 3433 514 3500 eunuchum
529 3432 740 3500 sacrificulum
757 3435 971 3500 consulentem
988 3435 1108 3521 optime
1123 3455 1195 3501 cum
1211 3432 1305 3519 Syria

242 3585 267 3647 1)
284 3580 359 3636 Haec
377 3582 467 3636 omnia
484 3581 593 3652 repetiit
610 3581 719 3636 Heclrer
736 3583 753 3636 l.
765 3597 786 3635 s.
798 3599 818 3637 s.
828 3599 852 3651 p.
865 3587 914 3638 489
924 3598 964 3651 sq.
992 3583 994 3586 ’

242 3669 267 3730 l)
285 3665 434 3721 Puerorum
457 3667 625 3735 potissimum
648 3667 699 3722 hae
721 3666 845 3734 fuerunt,
869 3668 960 3737 itaque
984 3668 1091 3722 minime
1114 3667 1247 3737 quadrant
1269 3669 1304 3722 ad

154 3750 270 3804 murium
293 3751 489 3805 exercitum.

240 3838 267 3900 3)
284 3833 367 3902 de,
392 3835 464 3904 quod
486 3850 519 3890 ne
537 3835 673 3904 scriptura
691 3837 796 3904 quidem
815 3842 889 3890 certa
906 3841 960 3901 cst,
986 3852 1046 3890 cunr
1065 3836 1160 3892 Scidas
1178 3854 1228 3907 pro
1246 3836 1304 3891 ttae

154 3920 283 3988 praebeat
300 3917 438 3992 ppq'oepac?
464 3918 543 3987 Quod
561 3935 621 3975 cum
640 3919 711 3974 sicut
727 3920 856 3976 uniuersa
872 3918 966 3974 fabula
978 3936 1011 3981 cx
1023 3921 1133 3976 Homeri
1146 3929 1170 3975 B
1182 3928 1231 3978 363
1244 3938 1301 3991 sqq.

154 4003 247 4058 fictum
265 4004 301 4058 sit
318 4008 391 4069 (nam
408 4002 516 4076 φρήτρα
533 4004 585 4058 hac
603 4005 712 4060 notione
725 4006 760 4059 ab
773 4003 874 4060 Atticis
888 4019 943 4059 non
961 4005 1067 4070 dicium,
1085 4005 1113 4060 in
1132 4022 1184 4076 quo
1203 4006 1304 4060 errauit

155 4087 318 4144 Schneidew.
329 4088 345 4140 l
356 4105 377 4143 s.
388 4105 408 4143 s.
420 4104 447 4157 p.
463 4093 501 4155 15,
513 4088 622 4143 Hertzb.
631 4106 658 4158 p.
671 4094 727 4156 182,
739 4091 808 4144 Kell.
820 4107 847 4159 p.
859 4093 927 4155 360),
940 4105 1005 4145 uere
1017 4090 1184 4146 Babrianum
1195 4091 1303 4144 uidetur

153 4173 182 4228 in
200 4175 224 4227 A
241 4171 299 4226 ἴλας
315 4171 476 4241 glossemate
494 4189 661 4243 oppressum.
