3138 4872
260 401 321 465 188
740 400 804 460 otto
824 402 935 458 drusius

343 577 457 660 Neque
472 596 523 642 ma
534 575 688 643 fefellisse
699 576 782 642 hano
794 575 1006 641 oonieoturam
1018 573 1081 640 alio
1093 571 1274 640 testimonio
1286 573 1410 657 grauis

259 677 339 744 simo
355 676 499 744 eflicitur.
528 679 605 746 Post
620 698 692 745 eum
708 677 792 744 enim
809 694 903 757 quem
917 694 975 740 nos
990 675 1146 742 habemus
1160 673 1256 741 finem
1272 675 1412 758 legimns

259 778 345 864 apud
361 778 670 846 Pseudodositheum
692 779 724 844 in
736 773 881 844 ‘Notioes
903 783 936 842 et
958 768 1105 844 extraits'
1124 777 1245 858 XXIII,
1262 780 1280 839 2
1296 799 1326 862 p.
1348 782 1413 842 520

259 880 354 963 sq.¹):
373 875 445 946 ‘sed
468 887 499 947 et
521 871 588 963 ego'
607 881 710 964 inquit
722 874 821 946 ‘dabo
839 878 898 946 tibi
912 899 1023 946 uerum
1038 869 1274 946 testimonium'.
1308 879 1412 945 Duxit

259 1002 331 1048 eum
353 982 396 1047 ad
418 981 686 1066 amphitheatrum
708 987 741 1047 et
762 980 901 1048 ostendit
923 981 963 1066 ei,
987 980 1255 1063 quemadmodum
1277 981 1372 1046 homo
1388 1001 1412 1046 a

260 1084 354 1150 leone
368 1082 594 1164 suffocabatur,
618 1089 650 1149 et
664 1081 761 1149 dixit:
781 1077 848 1148 ‘hio
862 1083 1003 1150 solorum
1015 1083 1041 1166 2)
1055 1083 1234 1150 testimonio
1251 1102 1329 1167 opus
1343 1102 1410 1148 non

260 1191 319 1267 est,
342 1184 399 1250 sed
421 1175 584 1250 ueritate'.
626 1185 684 1252 Oui
699 1184 794 1250 homo
810 1184 907 1250 dixit:
927 1178 1082 1266 ‘uidisses
1105 1184 1133 1249 si
1154 1205 1217 1251 non
1240 1183 1409 1264 alligatum

259 1286 336 1351 mihi
351 1286 512 1353 hominem
527 1278 727 1354 ostendisses'
743 1293 802 1352 eto.
830 1287 899 1350 Iam
914 1306 989 1352 uero
1006 1285 1136 1351 fabulae
1150 1287 1285 1352 sormam
1297 1285 1409 1352 Babrii

259 1386 443 1470 primariam
466 1407 552 1470 asse,
583 1388 731 1454 Dosithei
752 1389 994 1472 interpolatam,
1016 1387 1159 1454 eredere
1181 1409 1244 1454 non
1267 1407 1408 1473 possum,

259 1509 332 1553 nam
367 1489 587 1556 additamenta
619 1489 676 1556 illa
706 1489 801 1555 nimis
834 1489 915 1555 bene
943 1489 1135 1556 conueniunt
1163 1490 1196 1554 in
1223 1490 1407 1556 uniuersum

259 1597 480 1674 argumentum
509 1598 606 1674 atque
633 1611 674 1658 ne
702 1612 800 1658 unum
829 1588 958 1672 quidem
989 1593 1171 1676 exemplum
1193 1589 1338 1658 inuenies
1360 1594 1406 1656 ia-

261 1692 355 1758 bulae
385 1691 469 1759 huno
495 1693 530 1759 in
559 1693 688 1760 modum
710 1698 839 1774 anetae,
870 1697 1102 1759 contractarum
1132 1699 1164 1759 et
1188 1693 1406 1760 mutilatorum

259 1794 396 1878 plurima
417 1793 528 1878 (etiam
550 1795 636 1880 apud
663 1796 768 1879 ipsum
790 1793 959 1860 Babrium:
990 1794 1096 1876 quode
1118 1793 1253 1878 postea).
1298 1794 1407 1860 Habes

260 1895 358 1980 igitur
378 1896 411 1961 in
440 1897 574 1982 pristina
601 1895 731 1962 fabulae
753 1895 934 1962 Babrianae
956 1895 1059 1962 forma
1080 1895 1184 1980 ipsum
1207 1895 1407 1980 amphithea-

259 2004 343 2063 trum
359 1999 536 2064 Romanum
552 2003 584 2063 et
599 1997 743 2080 captiuos
758 1997 901 2064 Romano
924 2018 1012 2064 more
1034 1997 1111 2063 feris
1129 1997 1280 2064 obiectos.
1318 1997 1408 2064 Haeo

259 2104 366 2162 autem
381 2099 595 2165 Romanorum
615 2098 760 2163 instituta
781 2099 850 2182 ipse
870 2099 1005 2164 Babrius
1028 2098 1220 2183 significauit
1240 2090 1274 2164 in
1295 2099 1408 2165 fabula

258 2197 427 2265 Bodleiani
450 2202 489 2263 69
501 2199 540 2282 ³):
566 2197 666 2264 Κύων
687 2197 891 2286 τρεφόμενος
914 2197 947 2264 ἒν
970 2198 1051 2285 οἲκφ
1073 2200 1198 2286 θήρσλν
1222 2197 1320 2276 εἰδώς
1342 2198 1407 2283 μά-

255 2303 390 2380 χεσθαι,
414 2297 495 2365 ἰδών
518 2298 664 2378 πολλοὺς
687 2298 721 2366 ἐν
743 2298 835 2377 τάξει
859 2301 1069 2385 ἱσταμένους,
1093 2299 1194 2389 ῥήξας
1214 2298 1272 2366 τὸν
1295 2299 1408 2367 κλοιὸν

258 2403 316 2466 τοῦ
339 2400 501 2489 τραχήλου
524 2400 641 2491 ἐ’φευγε
664 2401 720 2470 διὰ
742 2405 809 2468 τῶν
831 2395 1004 2490 ἆμφόόων.
1038 2401 1130 2479 κύνες
1154 2401 1189 2467 δὲ
1213 2397 1309 2468 ἄλλοι
1328 2405 1407 2468 τοῦ·

257 2527 315 2568 τον
345 2502 471 2582 ἰδόντες
500 2496 648 2594 εὖτραφή
677 2503 733 2570 οἶα
759 2508 880 2592 ταῦρον
910 2500 1023 2570 εἶπον·
1047 2509 1102 2582 ,τί
1130 2499 1339 2591 palpata-“5
1370 2504 1406 2569 δὲ

260 2600 369 2670 εἶπεν·
393 2598 468 2684 ,ὅτι
482 2607 542 2691 μὲν
556 2611 665 2695 τροφῇ
681 2605 786 2686 συζῶν
801 2609 946 2694 περισσῇ
969 2601 1046 2670 οἶδα
1067 2607 1124 2671 καὶ
1146 2609 1243 2689 σῶμα
1265 2603 1303 2672 τὸ
1328 2603 1407 2688 ἐμὸν

260 2699 445 2794 εὐφραίνοι·
475 2702 534 2796 ,ἀεὶ
563 2709 599 2774 δὲ
621 2710 766 2796 πλησίον
794 2706 863 2790 εἰμὶ
885 2705 1037 2773 θανάτου
1061 2701 1193 2794 ἄρκτοις
1215 2709 1269 2774 καὶ
1295 2709 1407 2774 λέουσι

259 2809 475 2894 μαχόμενος“.
519 2811 551 2877 οἱ
575 2810 610 2876 δὲ
633 2807 719 2898 πρὸς
742 2803 902 2897 ἀλλήλους
925 2805 1036 2875 εἶπον·
1061 2807 1182 2888 ,καλὸν
1202 2813 1279 2894 βίον
1303 2807 1332 2874 εἰ
1352 2810 1407 2874 καὶ

349 3052 370 3110 1)
388 3045 529 3100 Parisinus
552 3045 671 3100 fabulam
695 3047 723 3100 in
745 3045 903 3115 uniuersum
923 3044 1018 3098 melius
1037 3043 1134 3110 tradit,
1159 3059 1238 3113 quam
1256 3043 1407 3098 Vossianus

259 3129 407 3197 Boeekingi
429 3136 457 3184 15
475 3147 502 3199 p.
521 3135 553 3184 34
577 3135 604 3184 et
627 3129 759 3184 Romulus
776 3130 823 3197 IV,
844 3136 884 3195 11,
904 3131 949 3198 qui
966 3129 1039 3184 labb.
1057 3129 1104 3196 IV,
1125 3132 1234 3183 11-19
1256 3143 1349 3183 omnes
1373 3128 1406 3182 ab

258 3213 317 3281 ipso
336 3213 566 3270 Pseudodositheo
585 3215 693 3283 repetiit
711 3216 793 3282 (unde
811 3220 925 3284 apparet
944 3213 1044 3269 iniuria
1061 3213 1231 3268 Dresslerum
1249 3227 1312 3282 app.
1328 3214 1362 3279 ΙΙ,
1375 3217 1405 3266 22

259 3299 331 3352 hanc
349 3298 472 3355 Phaedro
490 3299 657 3364 obmnsisse).

345 3389 371 3449 2)
388 3381 553 3439 ‘Oculorum‘
566 3389 593 3437 et
610 3377 741 3452 ὀμμάτων
758 3381 788 3449 P,
805 3379 942 3438 ‘colorum’
953 3387 982 3437 et
998 3379 1153 3453 χρωμάτων
1170 3383 1203 3448 V,
1220 3377 1360 3437 ‘colorum'
1373 3381 1406 3436 R.

260 3471 291 3524 ln
309 3470 330 3524 P
349 3475 412 3540 post
428 3483 523 3522 nocem
540 3467 666 3522 Latinam
685 3473 839 3537 corruptam
859 3473 964 3523 mutata
981 3473 1023 3523 est
1041 3467 1159 3523 Graeca:
1186 3467 1298 3521 Luchm.
1317 3462 1407 3522 ‘Vera

259 3558 326 3611 dber
344 3551 416 3608 Dos?
435 3570 462 3622 p.
473 3557 488 3606 2
501 3569 559 3622 sqq.

346 3636 526 3702 3)'Bab1iana
543 3643 593 3705 est,
610 3643 641 3693 ut
657 3638 730 3694 illius
743 3637 845 3694 codicis
857 3639 1002 3707 pleraeque
1014 3653 1114 3702 omnes,
1133 3635 1168 3691 ef.
1179 3632 1258 3689 aldais
1268 3632 1407 3705 μάχεσθαι

259 3739 355 3778 uersus
379 3723 497 3789 initium,
521 3724 604 3791 σῶμα
626 3721 659 3777 τὸ
683 3720 750 3792 ἐμὸν
767 3727 829 3785 (sor.
847 3717 958 3791 τούμὸν)
976 3719 1116 3794 εὐφραίνει
1133 3736 1229 3776 uersus
1248 3721 1406 3784 clausulam,

259 3809 354 3880 ἔφευγε
376 3806 422 3861 διὰ
443 3811 502 3863 τῶν
523 3805 665 3880 quattus.
701 3806 778 3861 κύνει
801 3805 829 3860 δ’
849 3805 925 3860 ἄλλοι
948 3807 1082 3876 integrum
1101 3805 1281 3861 oholiambum
1301 3808 1344 3873 (de
1360 3806 1406 3861 eli-

259 3893 334 3947 sione
352 3893 387 3947 of.
402 3897 442 3960 33,
459 3900 468 3948 1
491 3892 596 3966 σπόρου
613 3890 643 3946 δ’
664 3885 729 3966 ὥρη,
748 3893 806 3947 sim.
822 3896 864 3958 ta,
879 3897 903 3947 3.
922 3898 963 3958 5⁵1,
977 3896 1001 3946 8.
1021 3896 1062 3956 60,
1077 3895 1101 3944 2.
1120 3895 1161 3956 67,
1175 3895 1190 3944 0
1206 3893 1273 3960 οἰκος
1291 3889 1407 3945 &diesin

259 3989 354 4032 uersus
372 3977 426 4032 fine
443 3983 571 4045 513111.
590 3983 631 4044 59,
645 3983 682 4033 14.
702 3983 742 4044 12,
756 3983 794 4031 11,
807 3981 862 4044 1011,
873 3979 924 4044 26).
951 3977 1098 4032 Praeterea
1115 3991 1177 4030 cum
1193 3974 1271 4030 initio
1287 3976 1321 4030 ei.
1332 3981 1372 4043 51,
1385 3982 1404 4028 1.

262 4066 415 4130 100‚1sq.‚
440 4063 474 4118 de
490 4062 573 4130 κλοιῷ
591 4067 640 4118 τοῦ
657 4060 790 4137 τραχήλου
807 4062 870 4116 uide
891 4065 1007 4129 10⁰(99),
1024 4066 1105 4130 deq„
1131 4060 1165 4116 de
1184 4062 1273 4135 τροφῇ
1292 4059 1405 4132 περισσῇ

261 4150 318 4214 108,
329 4150 370 4212 29,
388 4146 422 4200 de
439 4144 554 4213 πλησίον
572 4154 592 4202 d.
610 4146 736 4201 θανάτου
755 4151 812 4214 107,
829 4150 853 4200 2.
