3118 4870
271 381 333 483 226
748 421 812 477 Otto
832 421 944 476 Orusius

357 594 422 664 Sed
444 593 529 661 aliae
546 593 633 678 apud
648 594 800 660 Babrium
815 593 945 659 fabulae
961 597 1097 675 exstant,
1122 609 1205 673 quae
1220 591 1347 659 omnino
1363 592 1418 657 ali-

272 717 352 764 enae
373 696 542 762 uideantur
563 696 605 761 ab
628 693 818 777 antiquitate
835 694 968 760 Graeca
1005 694 1102 759 Velut
1116 691 1286 759 Bodleiani
1303 697 1361 756 131
1378 722 1419 745 =

271 799 383 865 Auian.
400 796 485 881 391),
507 797 546 863 H.
563 800 625 862 386
647 797 712 862 iam
728 795 903 862 Grauertus
926 795 968 862 de
982 796 1111 879 Aesopo
1133 815 1165 878 p.
1181 796 1232 877 19,
1255 795 1346 860 nulla
1365 795 1419 860 ille

272 898 402 981 quidem
416 897 637 983 praeiudicata
652 897 801 982 opinione
817 902 938 980 captus,
951 891 1109 978 ‘tempore
1124 894 1299 978 posteriore
1314 915 1335 958 a
1350 894 1418 960 rhe-

271 1007 339 1068 tore
361 1006 473 1084 arguto
495 998 602 1064 fictam
625 989 703 1065 esse'
722 998 830 1064 sensit.
868 996 962 1076 Quod
983 997 1083 1062 multo
1106 996 1203 1062 etiam
1219 994 1338 1060 maiore
1353 995 1419 1062 iure

271 1101 422 1168 contendi
442 1105 547 1185 potest
570 1100 611 1166 de
627 1098 724 1164 Athoi
740 1102 800 1163 118
821 1095 961 1180 χελιδών
984 1096 1157 1172 δικασταῖς
1177 1096 1420 1180 sacertodes),
1472 1173 1474 1180 Ι

271 1198 442 1268 Bodleiani
468 1205 527 1266 148
556 1198 612 1283 (de
635 1219 698 1282 qua
720 1203 758 1266 cf.
781 1221 812 1284 p.
839 1202 898 1264 186
921 1201 982 1283 sq.)
1004 1197 1152 1264 Vaticani
1171 1201 1229 1262 136
1254 1197 1309 1280 (=
1324 1199 1419 1263 Babr.

272 1301 487 1386 Ebh.138)3),
511 1320 645 1383 quorum
667 1305 855 1384 argumenta
877 1299 1049 1366 artificiosa
1071 1306 1103 1393 et
1125 1298 1245 1384 pusilla
1266 1298 1334 1364 fere
1349 1319 1420 1365 con·

272 1402 436 1469 trouersiis
464 1402 663 1470 scholasticis
691 1409 764 1470 sunt
790 1402 917 1468 similia.
962 1402 1068 1483 Atque
1090 1401 1253 1466 rhetorum
1276 1399 1419 1466 scholam

271 1503 369 1570 etiam
397 1504 571 1589 allegoriae
593 1504 697 1571 siccae
719 1504 865 1571 redolent
886 1503 951 1569 fab.
976 1508 1015 1568 16
1045 1500 1201 1583 Πόλεμος
1223 1503 1279 1565 καὶ
1294 1493 1419 1588 Ὕβρις,

275 1607 333 1669 128
355 1605 446 1688 (127)
471 1598 633 1693 ἀλήθεια,
656 1604 900 1686 Bodl.137(=
914 1604 953 1670 H.
974 1602 1004 1686 1)
1029 1599 1144 1688 ἀγαθὰ
1166 1604 1223 1668 καὶ
1244 1599 1346 1682 κακὰ,
1373 1621 1419 1670 66-

270 1705 461 1790 phistaeque
484 1706 633 1774 Graeculi
661 1706 824 1790 ingenium
850 1705 958 1790 prodit
979 1706 1100 1770 tenella
1121 1703 1213 1770 Bodl.
1241 1707 1299 1768 130
1323 1702 1420 1790 ῥόδον

271 1808 327 1872 καὶ
343 1799 543 1894 &papulam
559 1805 613 1890 (cf.
626 1805 728 1872 Rohd.
741 1809 830 1872 Rom.
842 1828 873 1891 p.
887 1809 948 1872 335
960 1805 1034 1872 adn.
1050 1812 1076 1890 1,
1093 1805 1148 1871 ubi
1163 1803 1248 1871 adde
1260 1805 1420 1890 Aphthon.

270 1928 359 1992 prog.
377 1913 395 1971 2
420 1907 563 1996 διήγημα
585 1905 622 1973 τὸ
646 1905 730 1972 κατὰ
754 1905 884 1994 ῥόδον).
915 1907 981 1974 Sed
1003 1907 1214 1974 certissimum
1236 1906 1330 1971 huius
1351 1905 1421 1971 aeui

270 2008 423 2074 indicium
445 2010 527 2076 inest
548 2009 581 2074 in
603 2008 675 2092 ipsa
696 2009 807 2075 fabula
831 2013 869 2072 11
892 2007 1104 2093 nobilissima,
1128 2007 1218 2074 cuius
1241 2007 1381 2090 epitoma
1395 2005 1420 2088 ⁴)

358 2210 381 2272 1)
399 2207 492 2261 Babrii
515 2222 574 2262 eam
596 2223 656 2263 esse
674 2208 817 2262 Bodleiani
843 2211 870 2262 et
887 2207 986 2262 Auiani
1009 2223 1158 2262 consensus
1176 2207 1287 2263 euincit.
1323 2207 1420 2274 Quam·

271 2305 351 2360 quam
373 2307 502 2346 uersuum
525 2291 639 2360 uestigia
656 2292 685 2346 in
703 2292 850 2347 Bodleiano
867 2292 989 2346 inuenies
1008 2293 1074 2347 satis
1097 2307 1187 2362 pauca
1205 2292 1353 2358 (clausulas
1371 2290 1419 2342 ἱιιέ·

270 2395 330 2428 τινε
353 2375 391 2444 μὴ
414 2381 531 2429 κτείνειν
555 2375 690 2446 [ef.13‚3
715 2376 815 2430 ἱκέτευε
834 2375 973 2442 palatae]
991 2379 1020 2430 et
1036 2372 1122 2443 μηδὲν
1141 2371 1244 2441 ἰσχύων
1262 2377 1308 2441 [cf.
1324 2381 1371 2440 16,
1391 2381 1419 2430 16

270 2456 361 2513 οὐκέτ’
382 2458 540 2528 tondendi),
560 2465 587 2513 et
603 2459 704 2516 Auiani
721 2465 819 2516 auctor
835 2461 950 2516 formam
969 2459 1101 2514 Graecam
1119 2455 1153 2500 -’
1171 2459 1242 2514 sicut
1261 2460 1371 2516 fabulae
1389 2465 1417 2514 95

271 2571 304 2591 π.-
318 2544 416 2599 Auian.
432 2549 464 2598 36
481 2575 516 2583 -
533 2544 644 2612 grauius
661 2545 777 2598 mutauit
794 2561 843 2613 pro
862 2545 984 2600 tubicine
1003 2545 1097 2599 tubam
1115 2544 1293 2600 substituens.

357 2632 382 2695 1)
400 2627 567 2697 Quamquam
585 2634 663 2683 uetus
682 2635 723 2684 est
742 2635 768 2684 et
786 2629 925 2698 popularis
943 2629 972 2682 in
988 2628 1095 2682 fabellis
1117 2628 1213 2696 anguis
1231 2629 1324 2684 auium
1340 2628 1418 2697 pullis

269 2711 421 2777 insidiatus,
442 2711 474 2766 cf.
491 2713 569 2767 Beni.
584 2713 712 2768 Pantsch.
728 2713 741 2766 Ι
756 2729 782 2782 p.
798 2717 939 2780 161-111,
957 2713 984 2766 Il
999 2729 1025 2781 p.
1039 2717 1080 2766 tr.
1096 2717 1137 2779 61,
1156 2726 1272 2781 quocum
1290 2725 1419 2782 compone

270 2797 339 2850 Plin.
349 2797 412 2851 hist.
423 2802 478 2850 nat.
490 2801 582 2864 36,11.
594 2800 635 2863 31,
649 2803 678 2852 16
690 2797 759 2863 (Ael.
770 2801 826 2852 nat.
836 2813 880 2852 an.
890 2797 910 2864 1,
924 2800 974 2864 35),
993 2796 1040 2866 qui
1057 2796 1184 2851 fabellam
1201 2797 1359 2866 popularem
1371 2811 1417 2866 pro

176 2891 177 2894 ’
271 2879 387 2935 ueritate
410 2880 550 2949 accepisse
572 2881 709 2950 putandus
734 2886 783 2948 est
820 2882 946 2936 ceterum
967 2881 1039 2936 hanc
1061 2880 1183 2936 fabulam
1200 2881 1294 2936 Babrii
1312 2896 1371 2936 esse
1387 2909 1419 2921 -

271 2965 358 3033 quode
376 2965 500 3018 dubitare
516 2965 624 3019 uidetur
641 2965 798 3035 Bernhardy
815 2967 1008 3035 iaspide
1027 2997 1061 3006 -
1079 2971 1106 3020 et
1123 2970 1239 3020 metrum
1256 2965 1358 3034 gracile
1376 2979 1418 3020 ca·

270 3063 420 3116 morumque
442 3048 542 3102 clamat
564 3051 592 3102 et
617 3063 704 3104 sermo
725 3049 906 3116 dulcissimus,
931 3065 1011 3119 quem
1028 3052 1087 3119 ipse
1104 3049 1199 3104 Nabar
1216 3045 1292 3106 ‘satis
1309 3044 1415 3120 purum’

271 3146 331 3188 esse
350 3131 475 3186 concedit
492 3148 518 3200 p.
531 3136 595 3198 4403
613 3136 755 3200 praeterea
772 3135 865 3190 uersui
882 3139 981 3191 octauo
1000 3136 1134 3191 simillima
1151 3139 1234 3205 poeta
1251 3133 1320 3190 dixit
1339 3138 1378 3201 11,
1394 3139 1417 3187 4.

274 3219 366 3281 11,14,
384 3215 477 3270 uersui
494 3231 565 3270 nono
585 3219 660 3280 1,14.

356 3302 382 3365 3)
399 3299 462 3366 Ipse
479 3299 561 3354 etiam
578 3299 676 3354 Suidas
694 3315 714 3354 s.
731 3317 758 3355 u.
776 3297 942 3370 βουκολὴσαι
958 3303 1138 3374 fragmentum
1156 3304 1213 3358 eius
1232 3303 1361 3358 seruauit.

355 3387 382 3452 4)
399 3383 554 3453 Epitomam
576 3382 652 3449 dico,
677 3399 732 3439 non
755 3385 836 3439 aliam
857 3388 1040 3442 recensionem
1058 3419 1091 3428 -—
1108 3387 1207 3442 nedum
1224 3388 1361 3442 meliorem
1379 3416 1417 3450 —‚

271 3484 336 3524 nam
358 3485 386 3523 u.
402 3471 433 3520 12
456 3467 498 3522 aG
523 3463 553 3518 δὲ
570 3467 716 3536 particula,
741 3469 856 3538 quaein
874 3475 906 3524 10
924 3470 950 3523 A
967 3473 1036 3528 bene
1053 3471 1231 3538 intellegitur,
1255 3472 1347 3525 locum
1367 3486 1419 3526 non

270 3553 354 3608 habet
376 3555 403 3607 et
419 3551 490 3605 οἴκοι
507 3551 581 3606 nullo
599 3553 734 3607 uocabulo
752 3553 912 3623 interposito
930 3551 1064 3622 ἀοικήτοις
1080 3556 1225 3624 insequens
1247 3571 1345 3624 parum
1368 3556 1418 3610 elc-

270 3642 366 3705 ganter
383 3636 485 3691 dictum
503 3640 557 3704 est3
575 3641 716 3705 praeterea
734 3637 840 3706 singula
858 3653 927 3706 quae
943 3639 972 3694 in
990 3641 1031 3695 aG
1044 3640 1079 3694 ab
1091 3640 1116 3694 Α
1129 3641 1260 3695 recedunt
1276 3640 1361 3694 uerba
1372 3643 1419 3694 aut

270 3720 439 3789 languidiora
456 3721 521 3774 suni
538 3722 564 3786 (9
579 3719 621 3774 aG
639 3717 714 3786 κούχὶ
734 3725 764 3776 13
780 3723 805 3774 A
822 3718 894 3787 οὐχὶ,
922 3727 951 3776 12
968 3725 1009 3778 aG
1027 3718 1074 3791 ἥτε
1091 3723 1162 3792 μίξις
1184 3723 1258 3778 134
1275 3719 1419 3793 κᾶπίμιξις,

273 3809 304 3858 13
319 3803 362 3858 aG
378 3801 505 3872 μνήμην.
517 3842 523 3856 .
533 3841 540 3856 .
549 3798 694 3874 ἇναφλέξει
712 3805 782 3859 ach
800 3802 888 3873 λύπην
899 3848 905 3862 .
916 3847 922 3861 .
935 3807 1103 3873 ,deuectam
1122 3813 1170 3863 aut
1186 3807 1256 3862 falsa
1274 3814 1325 3870 (56
1343 3805 1420 3874 ζώοις

271 3885 407 3942 salutandi
420 3887 538 3942 formula
551 3887 622 3942 male
639 3887 751 3944 inducta
767 3906 817 3959 pro
836 3889 912 3955 ζώεις
930 3893 987 3958 1Α,
1006 3893 1078 3961 quod
1094 3893 1195 3962 optime
1213 3886 1343 3948 conuenit
1361 3908 1421 3946 cum

270 3969 390 4026 Procnes
407 3970 520 4038 fabula).
560 3971 646 4028 Miror
664 3975 829 4028 contrarium
847 3989 906 4030 esse
923 3974 1053 4032 iudicium
1070 3976 1143 4032 Fixii
1160 3978 1177 4032 l.
1189 3993 1210 4032 s.
1222 3993 1243 4032 s.
1253 3993 1280 4046 p.
1291 3981 1333 4044 66,
1352 3976 1419 4030 Her·

270 4054 362 4107 manni
378 4054 397 4108 l.
413 4069 434 4108 s.
450 4069 471 4108 s.
488 4071 514 4124 p.
530 4061 593 4123 615,
611 4056 749 4112 Duebneri
766 4075 793 4128 p.
808 4062 855 4124 33,
873 4057 972 4114 Hochii
989 4077 1016 4130 p.
1033 4065 1081 4127 16,
1101 4061 1213 4131 Sauppii
1229 4061 1247 4115 l.
1259 4077 1280 4116 s.
1291 4076 1312 4116 s.
1323 4077 1350 4130 p.
1363 4063 1420 4122 141,

270 4135 373 4192 Nabari
390 4137 439 4192 l.a.
450 4153 471 4192 s.
482 4154 509 4207 p.
520 4142 578 4193 411.
