3138 4872
619 425 652 482 de
669 426 763 482 Babrii
780 430 878 483 aetate.
1264 428 1321 489 131

175 595 286 662 Babrii
313 617 377 663 non
404 598 504 682 Syros
532 616 619 680 esse,
655 595 714 665 sed
741 599 892 682 Assyrios
920 600 1016 682 (sicut
1037 600 1155 668 Herod.
1178 601 1248 686 VII,
1271 601 1328 686 63)

173 702 326 765 ῑιθῐειιεὸ
357 701 391 764 οἳ
413 705 494 786 πρίν
516 691 596 764 ποτ’
622 685 706 786 ἦσαν
729 697 788 764 ἐπὶ
810 705 916 766 Νίνου
949 725 986 766 τε
1016 702 1071 766 καὶ
1096 700 1206 787 Βήλου
1238 723 1325 770 mon·

173 805 255 866 strat
266 799 306 882 ¹),
338 801 376 866 cf.
399 801 549 868 Welcker
577 801 622 867 kl.
646 799 750 867 Schrr.
773 803 806 866 ΙΙ
830 823 860 886 p.
885 805 956 868 256.
1008 803 1114 883 Quare
1143 807 1200 869 aut
1228 807 1325 889 Assy·

173 903 255 968 rium
277 902 429 968 Babrium
458 901 557 969 finisse
579 923 619 968 ex
647 903 718 969 loco
740 903 802 970 isto
826 903 1077 971 concludendum
1104 910 1215 971 est-
1239 905 1326 987 quod

174 1004 270 1069 miror
297 1004 458 1070 neminem
483 1004 614 1087 fecisse,
645 1024 715 1069 oum
743 1005 887 1090 locuples
916 1011 1027 1071 auctor
1055 1005 1184 1073 adesset
1213 1007 1325 1073 Lucia·

173 1125 232 1170 nus
262 1103 341 1186 (uer.
366 1104 604 1190 hist.11,2o),
633 1106 806 1172 Homerum
834 1105 955 1172 seilicet
983 1107 1088 1192 ipsum
1110 1107 1325 1191 Babylonium

173 1207 339 1274 nominans
361 1243 403 1252 —
425 1214 480 1272 aut
501 1207 580 1272 nihil
602 1206 741 1290 omnino,
765 1206 851 1289 quod
872 1207 924 1274 uel
947 1207 1021 1275 ideo
1044 1209 1184 1274 sobrium
1206 1209 1323 1274 suadet

173 1307 336 1390 iudicium,
359 1307 434 1389 quia
456 1309 629 1390 antiquitas
652 1307 769 1376 cadens
790 1328 875 1374 uano
898 1307 1004 1376 studio
1027 1309 1204 1376 aLuciano
1224 1329 1323 1395 saepe

174 1409 279 1476 deriso
301 1428 406 1476 rerum
428 1408 602 1494 primordia
625 1429 665 1476 ex
688 1410 809 1477 oriente
830 1409 973 1477 semitico
1001 1430 1094 1492 quem
1118 1410 1252 1478 dicimus
1274 1431 1323 1478 re-

174 1517 283 1596 petere
305 1511 432 1576 solebat
441 1510 475 1594 ²).

259 1610 324 1678 Sed
353 1611 386 1678 in
409 1611 646 1679 Schneidewini
670 1611 760 1678 illam
783 1610 824 1678 de
844 1618 961 1696 poetae
982 1611 1087 1696 patria
1110 1613 1324 1681 coniecturam

174 1714 270 1780 etiam
298 1713 442 1779 Fixius
472 1712 584 1780 eodem
614 1735 697 1780 anno
726 1713 850 1796 (Revue
878 1713 920 1781 de
945 1714 1060 1780 Philol.
1083 1715 1099 1778 Ι
1121 1734 1151 1797 p.
1176 1718 1214 1780 53
1238 1715 1324 1797 sqq.)

173 1817 256 1882 ultro
278 1814 399 1896 incidit,
422 1813 641 1881 Alexandrum
664 1821 770 1882 autem
793 1815 947 1899 prooemii
962 1816 994 1880 ΙΙ
1016 1817 1159 1900 regulum
1182 1814 1324 1897 aliquem

174 1917 341 2004 Syriacum
364 1935 435 1982 esse
457 1916 635 2000 suspicatus
658 1922 706 1984 est
728 1917 783 1998 qui
805 1918 864 1984 sub
881 1918 1097 1984 Romanorum
1119 1917 1252 2001 imperio
1275 1935 1323 1982 re-

172 2019 327 2105 gnauerit
363 2018 562 2100 Argumenta
584 2018 699 2099 quibus
721 2019 912 2085 sententiam
934 2038 1025 2084 suam
1039 2017 1181 2084 firmaret
1195 2024 1324 2102 praeter

173 2119 411 2188 Schneidewini
439 2118 519 2184 illud
529 2117 555 2202 3)
582 2119 646 2185 duo
668 2119 867 2203 potissimum
891 2120 971 2186 haee
991 2119 1114 2185 attulit:
1142 2119 1322 2185 Branchum

172 2242 289 2290 nomen
312 2221 479 2305 Syriacum
510 2239 581 2286 esse
609 2221 736 2286 celebre
763 2221 795 2285 in
827 2221 1034 2304 religionibus
1063 2220 1191 2286 Asianis
1219 2255 1260 2265 -
1289 2228 1324 2286 at

173 2324 248 2390 hine
277 2323 353 2405 quid
382 2328 533 2404 sequatur
560 2341 624 2386 non
651 2322 819 2406 intellego,
851 2343 926 2388 nam
955 2323 1051 2390 etiam
1080 2319 1178 2388 ceteri
1208 2321 1324 2388 Graeci

174 2425 333 2511 Apollinis
355 2423 511 2489 amasium
533 2443 554 2488 a
574 2423 678 2508 poetis
701 2423 893 2506 clarissimis,
916 2425 1005 2490 uelut
1027 2443 1047 2488 a
1069 2422 1266 2490 Callimacho
1290 2423 1324 2488 in

174 2525 330 2612 Βράγχῳ,
352 2524 554 2592 nobilitatum
576 2525 655 2590 satis
677 2524 760 2590 bene
780 2531 949 2606 nouerant,
979 2522 1097 2590 deinde
1118 2523 1259 2607 Arabes,
1282 2525 1323 2590 de

174 2630 289 2712 quibus
311 2627 445 2711 legimus
467 2626 531 2692 fab.
548 2629 585 2689 57
612 2621 766 2689 ἐντεῦθεν
778 2619 917 2710 Ἄραβές
940 2622 1034 2704 εἰσιν,
1058 2620 1104 2702 ὠς
1125 2621 1322 2712 ἐπειράθην,

174 2734 320 2816 devocat
349 2729 462 2793 τεκαὶ
485 2725 615 2814 γόητες,
646 2725 678 2793 in
702 2724 796 2811 Syria
817 2729 945 2809 poetam
968 2745 1160 2812 cognoscere
1181 2731 1323 2814 potuisse

173 2869 215 2880 -
238 2831 295 2897 sed
317 2830 422 2915 potuit
443 2830 538 2896 etiam
561 2829 594 2893 in
609 2829 758 2912 Aegypto
775 2827 802 2891 si
817 2825 958 2910 uiuebat,
981 2827 1070 2892 cuius
1085 2829 1168 2911 parti
1183 2829 1324 2896 inferiori

174 2933 216 3000 ad
239 2932 393 2999 orientem
415 2929 572 3014 spectanti
594 2928 649 3010 qui
670 2932 819 3012 praeerat
849 2932 931 2995 teste
954 2927 1052 2993 schol.
1076 2929 1182 2995 quen.
1205 2931 1237 3013 Ι,
1264 2933 1323 2995 130

175 3033 376 3100 Arabarches
391 3031 623 3112 nominabatur,
637 3035 768 3114 propter
782 3029 941 3112 frequens,
956 3035 991 3094 ut
1005 3026 1142 3112 uidetur,
1157 3029 1323 3113 regionum

174 3137 300 3202 illarum
317 3153 388 3198 cum
404 3130 526 3197 Arabia
540 3131 779 3214 commercium,
798 3135 967 3215 praeterea
982 3150 1053 3197 cum
1068 3132 1324 3215 peregrinatione

174 3239 206 3304 in
228 3241 330 3304 terras
344 3233 420 3298 illas
434 3231 601 3316 peruenire
615 3238 749 3315 poterat,
773 3239 839 3297 tum
856 3232 979 3299 Arabes
994 3229 1111 3318 γόητες
1126 3231 1208 3298 inter
1223 3232 1322 3300 Grae-

175 3361 229 3407 cos
251 3339 349 3406 etiam
365 3333 574 3417 uagabantur,
596 3331 630 3397 id
645 3331 731 3416 quod
747 3332 840 3400 docet
854 3333 1071 3400 memorabilis
1086 3332 1219 3398 Luciani
1235 3334 1324 3400 loeus

174 3442 317 3527 Philops.
339 3439 393 3501 17:
417 3436 473 3499 νῦν
496 3432 531 3498 δὲ
553 3427 619 3497 ὑπὸ
643 3435 702 3498 τοῦ
725 3431 827 3512 ἔθους
850 3427 944 3499 οὐδέν
969 3458 1003 3500 τι
1026 3432 1219 3522 παράλογον
1242 3428 1324 3518 ὁρᾶν
1429 3497 1436 3506 ,

264 3657 286 3717 lt
304 3653 375 3707 Nam
398 3656 506 3722 poetam
528 3649 602 3704 haud
625 3650 797 3706 mediocriter
814 3650 922 3706 doctum
939 3649 1040 3706 Ninum
1058 3654 1085 3704 et
1101 3651 1196 3704 Belum
1213 3666 1263 3720 pro
1280 3666 1323 3705 re-

174 3737 253 3806 gibus
270 3737 364 3808 Syriae
382 3736 509 3807 propriae
531 3750 601 3805 quae
622 3733 723 3790 dieitur
740 3735 867 3790 hahuisse
884 3738 992 3804 praeter
1008 3733 1161 3789 Heclrerum
1183 3734 1280 3790 Philol.
1299 3736 1324 3793 V

175 3838 201 3891 p.
213 3826 262 3876 489
281 3821 327 3876 uix
345 3822 487 3892 quisquam
505 3821 559 3876 sibi
573 3819 756 3890 persuadebit.
852 3819 854 3824 ’
951 3819 954 3826 ’

262 3909 287 3972 2)
305 3906 404 3962 Paucis
421 3905 558 3961 mensibus
576 3911 639 3976 post
655 3906 674 3961 Ι.
684 3921 704 3960 s.
716 3919 736 3958 s.
747 3921 775 3974 p.
787 3907 852 3959 1364
862 3918 900 3972 sq.
914 3903 972 3972 ipse
985 3901 1203 3959 Schneideuiuus
1215 3909 1324 3961 senten-

175 3989 241 4045 tiam
259 3991 427 4046 retractauit.

261 4079 287 4140 3)
304 4071 387 4131 ‘O’est
405 4077 422 4130 a
438 4076 466 4130 la
478 4074 554 4145 Syrie
571 4089 623 4144 que
640 4075 757 4129 l’auteur
772 4073 825 4128 fait
841 4073 966 4127 honneur
981 4071 1013 4126 de
1025 4071 1180 4129 l’inrention
1193 4073 1227 4128 de
1238 4075 1324 4144 l’apo·

175 4155 265 4227 logue'
286 4165 338 4215 etc.
