3138 4872
290 417 350 478 156
766 419 830 475 Otto
850 419 960 476 Orosius

288 593 430 661 Arabum
453 599 550 679 poeta
571 613 634 660 non
656 593 728 661 dico
751 593 852 677 petiit,
876 592 934 658 sed
948 599 1058 678 petere
1077 593 1205 660 omnino
1220 593 1346 678 potuit?
1380 600 1442 670 Τίς

288 695 344 761 δαὶ
372 694 560 781 κατόπτρου
588 697 642 760 καὶ
667 693 785 783 ξίφους
806 699 963 760 κοινωνία
985 731 1027 740 -
1050 695 1126 778 quid
1149 714 1315 763 commune
1341 695 1441 763 habet

286 795 324 862 τό
355 795 399 885 μὴ
430 810 600 883 τυραννεῖν
625 798 712 882 χειρὶ
740 795 951 882 όυνατωτότῃ
981 817 1053 863 oum
1074 796 1261 864 Alexandro
1286 799 1368 864 Bala
1397 799 1439 865 ab

288 901 396 966 Arabe
418 900 607 967 interiecto?
643 901 757 966 Nonne
779 899 808 966 si
830 899 932 968 leonis
953 917 1091 982 persona
1105 899 1211 965 Arabs
1232 899 1289 966 ille
1310 898 1437 984 petitur,

286 1003 380 1087 lupus
402 1021 504 1087 rapax
526 999 712 1067 Alexander
734 1000 830 1069 debet
858 1001 954 1069 esse?
997 999 1068 1066 Nisi
1095 1002 1177 1067 torte
1205 999 1265 1066 fuit
1289 1000 1435 1083 Babrius,

288 1105 342 1186 qui
364 1103 406 1171 de
427 1124 503 1187 rege
525 1123 582 1170 suo
598 1139 641 1149 —
657 1123 741 1188 agno
764 1101 886 1169 scilicet
901 1139 942 1149 -
957 1102 998 1169 ab
1014 1102 1123 1170 Arabe
1145 1102 1208 1169 sibi
1229 1110 1338 1188 erepto
1362 1123 1434 1185 que-

286 1213 417 1273 reretur.
462 1204 561 1271 Vides
591 1223 686 1286 quam
715 1203 904 1271 inconcinna
933 1211 965 1271 et
990 1205 1100 1289 inepta
1124 1203 1157 1268 in
1179 1205 1355 1287 allegorica
1376 1207 1437 1274 bac

286 1307 546 1392 interpretatione
568 1307 632 1373 sint
654 1306 770 1373 omnia.

373 1408 439 1476 Sed
469 1429 543 1475 uere
565 1429 666 1494 sagax
689 1407 797 1476 sobria
818 1405 984 1490 ingeniosa
1009 1407 1091 1474 haec
1111 1408 1271 1480 Maenneli
1288 1416 1342 1476 est
1364 1431 1433 1477 con·

286 1510 407 1576 iectura
422 1531 500 1596 prae
514 1513 618 1579 altera
632 1511 710 1578 eius.
740 1510 856 1576 Exstat
870 1508 957 1593 apud
972 1509 1002 1574 N
1004 1511 1162 1576 eueletum
1177 1510 1198 1576 f.
1211 1515 1251 1578 68
1263 1510 1320 1594 (=
1332 1511 1367 1579 B.
1380 1517 1434 1596 84,

286 1612 321 1690 F,
338 1614 409 1698 294,
425 1613 464 1679 Η.
483 1611 560 1699 235)
582 1612 625 1680 ad
639 1613 834 1679 Babrianam
856 1610 897 1677 de
920 1611 1019 1677 culice
1043 1616 1076 1677 et
1092 1617 1184 1678 tauro
1206 1611 1349 1680 fabulam
1371 1615 1435 1699 epi·

285 1714 442 1799 mythium
464 1715 542 1783 hoo:
571 1707 624 1781 ότι
653 1713 732 1790 τοὺς
761 1705 902 1788 εὐκλεεῖς
923 1711 995 1794 (scr.
1019 1704 1147 1790 ἇκλεεῖς
1168 1714 1195 1779 F
1216 1714 1357 1800 Macnn.)
1380 1718 1433 1782 καὶ

286 1807 425 1892 ἀδόξους
439 1819 495 1882 καὶ
509 1820 715 1900 μαχομένους
727 1805 804 1897 ((εἰό
816 1813 957 1896 Maean.)
970 1813 1149 1900 τυράννους
1160 1812 1311 1901 ἒλόγχειό
1329 1816 1433 1904 λόγος.

285 1918 426 2002 Ineptias
448 1917 508 1985 bas
530 1917 703 2002 magistelli
724 1915 909 2000 Byzantini,
938 1914 972 1980 in
1002 1916 1117 1997 quibus
1138 1937 1243 2001 neque
1266 1921 1359 1986 metri
1381 1939 1433 1986 rre-

286 2039 348 2100 que
375 2020 527 2087 sermonis
552 2017 704 2092 Babriani
732 2019 832 2084 ullum
862 2017 1056 2102 conspicitur
1080 2018 1267 2104 uestigium,
1298 2042 1339 2088 ex
1359 2016 1434 2088 ‘dis
1544 2059 1547 2066 .

285 2119 376 2186 iectis
398 2111 563 2186 membris'
589 2125 705 2205 poetae
727 2139 799 2186 esse
822 2119 978 2204 opinatur,
999 2116 1146 2203 ‘quorum
1168 2121 1256 2188 haud
1277 2143 1381 2207 pauca
1402 2124 1435 2191 in
1551 2197 1552 2208 ρ

286 2221 527 2288 collectionibus
548 2222 729 2289 fabularum
751 2223 969 2307 Aesopearum
990 2215 1215 2307 inueniamus'3
1239 2225 1315 2306 quin
1338 2224 1434 2292 etiam

284 2322 346 2408 ipsi
368 2323 498 2390 fabulae
521 2327 561 2389 84
585 2343 640 2389 eas
662 2323 739 2390 olim
760 2323 900 2391 intextas
921 2325 1020 2391 fuisse
1042 2325 1222 2408 suspicatur
1232 2324 1256 2410 ¹)
1276 2333 1308 2392 et
1321 2334 1435 2411 postea

285 2444 305 2488 a
330 2426 507 2510 Byzantino
535 2426 694 2493 seiunctas
723 2431 755 2492 et
783 2427 817 2493 in
844 2425 907 2490 fine
936 2426 1072 2509 positas:
1101 2424 1242 2494 intextas
1266 2428 1364 2495 fuisse
1386 2429 1433 2494 fa·
1550 2475 1551 2478 κ

284 2525 397 2608 bulae,
428 2545 511 2608 quae
539 2533 665 2612 praeter
693 2527 905 2614 paraphrases
928 2525 1117 2610 (tetrastioh.
1141 2527 1165 2594 O
1187 2551 1217 2614 p.
1245 2533 1313 2615 138,
1340 2531 1431 2599 Bodl.

284 2627 346 2692 Kn.
363 2626 417 2710 70)
441 2631 483 2696 ab
504 2630 574 2714 ipso
590 2631 746 2698 Dositheo
769 2629 882 2697 eadem
905 2648 970 2711 qua
984 2627 1090 2696 Atboo
1112 2631 1214 2695 forma
1235 2636 1283 2697 est
1299 2631 1432 2698 tradita!

284 2729 320 2794 In
342 2750 406 2813 qua
429 2751 523 2813 quem
545 2733 649 2800 locum
671 2733 790 2799 habere
811 2730 938 2798 omnino
953 2736 1095 2814 possent,
1117 2751 1221 2814 neque
1235 2733 1432 2800 Maennelina

285 2830 515 2900 demonstrauit
536 2854 641 2916 neque
663 2853 722 2917 ego
745 2833 996 2917 quotiescunque
1019 2833 1190 2916 cogitando
1203 2828 1268 2901 ‘me
1284 2853 1386 2917 coquo
1402 2840 1433 2902 et

283 2937 409 3001 macero
433 2943 465 3002 et
487 2927 635 3020 defetigo'
654 2935 808 3002 intellexi.
846 2937 914 3000 lam
935 2934 1042 3002 uerbis
1064 2936 1138 3019 illis,
1162 2955 1244 3018 quae
1260 2937 1433 3004 emendare
1549 2933 1550 2946 ¹

283 3055 318 3100 se
341 3056 406 3112 non
425 3057 522 3121 posse
543 3037 719 3120 profitetur,
739 3030 888 3103 ‘eundem
905 3037 1044 3104 Anubem
1067 3027 1220 3104 describi‘
1239 3044 1356 3104 censet.
1389 3039 1432 3104 At

283 3137 311 3201 si
333 3143 400 3202 tam
421 3138 562 3221 grauiter
583 3145 656 3204 sunt
678 3144 835 3222 corrupta,
858 3138 1008 3204 contendi
1028 3159 1092 3206 non
1110 3143 1217 3223 potest
1231 3157 1336 3222 neque
1352 3141 1430 3205 Ara·
1548 3215 1549 3218 Ἴ

284 3238 356 3303 bem
385 3238 475 3304 illum
504 3239 677 3324 significari
705 3259 811 3321 neque
838 3259 910 3304 eum
937 3261 1002 3306 non
1031 3239 1218 3325 significari;
1249 3239 1431 3307 sinautem
1548 3271 1549 3300 r

280 3339 477 3408 correctione
492 3341 633 3409 Knoellii
649 3341 810 3408 Marciano
834 3347 866 3408 et
887 3341 1035 3408 Palatino
1058 3341 1263 3426 suppeditata
1284 3345 1431 3423 μαχομέ-

282 3465 358 3518 νους
379 3440 571 3527 τυράννοις
595 3443 824 3526 emendaueris,
848 3442 889 3510 dc
904 3443 1011 3510 Arabe
1032 3443 1089 3509 illo
1108 3441 1242 3525 cogitari
1257 3462 1320 3514 non
1335 3463 1429 3529 posse

281 3545 377 3612 facile
404 3544 582 3628 intelleges.
630 3545 696 3612 Sed
720 3546 919 3612 Maennelius
947 3544 1020 3629 ipsa
1047 3543 1146 3612 etiam'
1169 3544 1281 3610 fabula
1305 3543 1431 3612 irrideri

279 3639 461 3713 ‘obscurum
501 3647 592 3712 illum
631 3649 773 3715 Arabum
813 3638 972 3731 regulum'
1011 3644 1203 3712 contendere
1239 3646 1356 3730 audet;
1397 3653 1431 3713 ut

281 3749 386 3813 Arabs
409 3749 502 3816 culex
525 3749 567 3816 sit
588 3749 621 3815 in
643 3751 727 3817 tauri
749 3770 845 3818 cornu
867 3747 999 3832 sedens,
1026 3741 1212 3815 Alexander
1233 3753 1352 3830 taurus,
1375 3746 1431 3832 qui

280 3869 311 3914 u.
329 3853 347 3910 5
363 3868 410 3932 sq.
433 3850 526 3916 culici
1317 3857 1321 3864 '

370 4088 393 4149 t)
414 4047 516 4170 Contra
533 4083 617 4140 Furia
634 4086 697 4141 Aes.
710 4086 735 4140 Il
747 4103 774 4155 p.
788 4090 820 4140 88
839 4082 1023 4154 ‘epimytbium
1041 4099 1106 4139 uero
1125 4086 1166 4139 est
1184 4084 1292 4139 omnino
1308 4081 1431 4137 alabula

279 4165 417 4224 alienum‘.
