3118 4870
588 422 680 478 Cicero
698 439 747 492 pro
766 425 875 479 Scauro.
1247 427 1308 488 285

248 597 273 660 6)
290 594 359 647 Post
374 593 408 646 ir.
422 592 462 659 ΙΙ,
481 597 505 645 1⁸
527 591 621 646 Cicero
639 593 725 646 utitur
742 593 875 663 encmplis
893 593 1012 662 (Quintil.
1028 599 1157 664 4‚1,69);
1176 613 1246 666 qnae
1263 615 1308 654 ex·

161 679 250 748 empla
268 693 301 732 ex
318 677 449 732 maiorum
468 677 596 731 memoria
611 682 719 745 sumpta
736 692 796 732 esse
813 675 847 730 fr.
860 677 895 744 II,
911 683 925 730 2
943 678 1057 734 indicat:
1076 680 1124 735 illa
1139 681 1309 747 audiuimus;

161 763 212 818 doc
229 779 295 818 uera
313 763 482 816 meminimus
499 777 556 830 sqq.

246 847 297 902 His
320 847 453 903 maiorum
477 846 605 914 exemplis
628 846 717 901 allatis
741 847 821 901 tertia
843 846 901 902 iere
924 849 1054 904 orationis
1075 864 1139 918 pars
1157 848 1234 903 finita
1251 858 1309 906 erat

151 929 236 1000 ⁴(Asc.
248 935 289 1000 31,
303 936 330 999 1;
349 930 383 986 cf.
395 946 478 1000 supra
486 947 513 1000 p.
525 935 574 985 276
592 931 620 984 et
636 931 711 996 taba.
739 929 822 986 Cuius
840 932 925 999 partis
938 933 1028 1002 indaga
1039 933 1073 988 fr.
1085 935 1106 1000 l,
1115 931 1153 1000 4¹³,
1171 951 1224 1004 quo
1237 935 1308 1006 frag·

161 1021 252 1071 mento
274 1016 404 1071 refutatio
427 1019 505 1071 extra
523 1029 633 1070 cansam
649 1013 758 1082 incipit,
783 1019 815 1068 20
839 1031 935 1070 uersus
952 1023 1110 1085 supersunt,
1135 1019 1241 1074 circiter
1258 1025 1307 1076 405

161 1109 267 1170 (nempe
278 1105 329 1156 434
341 1101 428 1155 minus
442 1105 482 1166 29,
495 1100 542 1168 qni
552 1100 623 1154 inter
634 1097 667 1152 fr.
678 1100 699 1164 I,
713 1103 737 1153 1ι
754 1104 782 1154 et
792 1099 814 1166 1,
827 1099 854 1152 ΙΙ
869 1100 977 1166 desunt)
990 1117 1048 1156 esse
1061 1101 1213 1172 deperditos
1226 1121 1309 1174 supra

161 1175 375 1241 demonstratum
393 1187 435 1240 est
452 1189 488 1254 (p.
498 1189 558 1238 271.
568 1187 637 1251 276).
664 1183 702 1238 Et
719 1185 815 1238 horum
834 1185 880 1254 qui
892 1185 990 1240 desunt
1004 1200 1130 1240 uersuum
1145 1189 1231 1244 maior
1244 1203 1309 1258 pars

162 1271 196 1323 ad
214 1269 453 1325 Bostaris'necem
476 1269 623 1338 spectauit:
648 1269 683 1323 ad
707 1269 820 1324 alterum
844 1271 878 1324 de
894 1270 986 1325 Arinis
1011 1287 1095 1326 uxore
1114 1272 1204 1327 locum
1221 1273 1310 1328 minor

161 1360 314 1424 propterea,
334 1354 405 1423 quod
422 1354 502 1409 huius
519 1353 573 1408 loci
592 1369 609 1407 a
626 1353 659 1407 ir.
669 1353 704 1418 ΙΙ,
718 1354 744 1406 1¹³
761 1353 796 1407 ad
813 1357 837 1419 6.
859 1359 888 1410 13
908 1355 1014 1410 circiter
1032 1359 1063 1410 80
1082 1371 1176 1410 uersus
1194 1361 1310 1412 exstant.

162 1438 264 1506 Quodsi
287 1439 431 1493 statuimus
454 1443 598 1507 utrumque
619 1437 709 1492 locum
732 1438 792 1508 pari
813 1437 870 1492 fere
893 1439 995 1492 ambitu
1011 1439 1108 1507 fuisse,
1130 1441 1242 1495 istorum
1260 1446 1308 1496 465

162 1539 289 1578 uersuum
308 1525 366 1580 siuc
386 1529 416 1578 10
433 1522 592 1592 paginarum
610 1523 734 1577 editionis
752 1528 807 1578 tres
826 1527 918 1592 partes
937 1523 1020 1586 (cuca
1034 1529 1049 1578 6
1065 1527 1122 1594 pp.)
1138 1525 1174 1579 ad
1185 1525 1309 1594 priorem,

163 1609 233 1663 duae
249 1613 340 1679 partes
355 1609 438 1674 (circa
450 1613 466 1661 4
479 1610 537 1677 pp.)
550 1607 584 1662 ad
598 1607 773 1676 posteriorem
789 1607 879 1662 locum
892 1608 1087 1675 pertinuerunt.
1098 1639 1130 1648 -
1144 1609 1186 1663 De
1200 1610 1310 1678 singulis

162 1697 253 1748 autem
274 1693 380 1748 lacunis
403 1693 471 1747 nihil
494 1691 553 1746 erui
575 1695 679 1760 potest,
703 1691 756 1746 nisi
776 1691 841 1746 hoc:
866 1692 936 1746 inter
953 1691 987 1746 fr.
1002 1692 1023 1760 1,
1039 1693 1074 1745 tl
1091 1696 1118 1747 et
1135 1693 1155 1757 1,
1171 1698 1204 1746 4⁰
1220 1707 1310 1762 panca

162 1782 268 1832 tantum
290 1777 458 1832 transitionis
483 1775 568 1830 uerba
592 1775 678 1830 uideri
705 1790 764 1830 esse
788 1775 941 1846 deperdita;
971 1776 1088 1844 itemque
1114 1777 1188 1831 haud
1210 1777 1309 1832 multos

162 1877 258 1916 uersus
276 1865 343 1932 puto
362 1863 455 1917 deesse
472 1861 543 1915 inter
559 1860 593 1915 fr.
603 1861 639 1926 ΙΙ,
651 1865 676 1914 1⁸
693 1865 721 1915 et
737 1860 772 1927 11,
789 1860 824 1926 ΙΙ,
842 1875 906 1915 nam
923 1861 1053 1916 nonnulla
1070 1865 1175 1916 tantum
1188 1863 1311 1932 exempla

162 1948 256 2002 mortis
273 1947 444 2002 uoluntarias
462 1945 656 2000 desiderantur.
1069 1959 1070 1964 ¹

250 2035 275 2097 Ι)
293 2033 319 2099 ξ.
337 2035 382 2086 21:
405 2029 457 2085 Est
478 2033 549 2086 anim
566 2045 650 2084 uuum
667 2031 817 2085 maximum
836 2029 919 2084 totius
936 2027 1082 2084 Sardiniae
1098 2031 1310 2100 frumentarium

163 2116 279 2180 crimen,
301 2115 335 2170 de
358 2133 413 2186 quo
438 2115 562 2170 ildariam
584 2130 675 2169 omnes
697 2113 802 2168 Sardos
825 2114 1021 2184 interroqauit,
1049 2114 1123 2184 quod
1146 2132 1234 2188 panus
1254 2135 1310 2174 uno

164 2201 309 2254 testimonii
329 2201 443 2270 foedera
465 2206 499 2254 ct·
513 2215 645 2255 consensu
665 2199 783 2253 omnium
801 2203 841 2253 cst
858 2197 1056 2267 confirmatum.
1092 2196 1173 2266 Quod
1188 2213 1241 2273 eqo
1257 2204 1310 2258 cri-

163 2301 223 2338 mcn
241 2291 388 2354 antequam
407 2286 512 2354 attinpo
531 2323 536 2336 .
557 2325 562 2336 .
583 2325 589 2338 .
624 2283 657 2336 In
674 2283 716 2337 his
734 2283 825 2338 uerbis
842 2282 950 2336 uidetur
970 2283 1035 2336 mihi
1056 2283 1188 2350 glossema
1207 2285 1309 2354 inesse3

163 2386 225 2424 nam
247 2385 335 2441 panus
359 2369 382 2423 si
402 2369 542 2435 scribitur,
564 2383 620 2421 non
642 2367 805 2434 intellegitur
827 2367 880 2421 nisi
901 2366 1048 2421 Sardorum
1067 2383 1161 2436 genus.
1185 2368 1234 2422 ‘At
1256 2385 1312 2426 non

164 2453 251 2518 Sardi,
271 2451 319 2507 sed
337 2451 439 2505 crimen
456 2451 660 2505 frumentarium
679 2451 867 2506 confirmatum
885 2457 925 2504 est
941 2450 1050 2505 foedere
1068 2456 1096 2505 et
1108 2467 1241 2507 consensu
1254 2469 1311 2508 cm·

163 2538 238 2592 nium
256 2553 294 2592 sc.
314 2535 468 2591 Sardorum.
501 2535 597 2603 Itaque
614 2551 701 2606 panus
718 2551 751 2589 ex
769 2535 838 2590 ialsa
856 2536 971 2604 quadam
988 2536 1154 2606 pronominis
1172 2537 1248 2607 quod
1264 2554 1309 2594 ex-

163 2623 310 2690 plicatione
327 2625 419 2675 ortum
435 2635 494 2675 esse
511 2625 578 2688 puto
596 2635 629 2674 ac
651 2619 802 2676 delendum.

250 2709 276 2770 6)
295 2705 400 2760 Ultimis
425 2705 526 2760 codicis
543 2707 569 2758 A
586 2705 678 2759 uerbis
696 2705 730 2772 (ᾖ.
750 2709 817 2772 46·);
841 2703 979 2777 Hispania
1002 2705 1126 2770 ulterior,
1151 2703 1310 2778 Scipionum

163 2791 204 2844 inc
224 2831 229 2842 .
250 2831 256 2844 .
277 2831 284 2845 .
302 2790 382 2844 Beier
400 2797 436 2859 (p.
453 2793 513 2856 207)
531 2791 566 2845 ad
583 2805 692 2846 sensnm
709 2795 784 2844 recte
801 2804 834 2844 ea
851 2789 956 2855 adiecit,
975 2805 1044 2858 quae
1061 2789 1130 2844 sumi
1146 2797 1261 2859 possunt
1279 2808 1312 2848 ex

165 2874 261 2929 scholii
278 2875 451 2930 Ambrosiani
469 2875 560 2930 uerbis
577 2873 634 2928 his:
653 2874 839 2942 deficientibus
857 2878 921 2929 tanc
938 2874 1061 2928 omnibus
1072 2873 1226 2946 Hispaniae
1244 2879 1311 2932 ciui-

100 2979 102 2983 ·
165 2959 265 3014 tatibus
288 2960 321 3015 ab
345 2961 465 3016 amicitia
486 2959 586 3030 populi
602 2957 722 3014 Romani
740 2957 875 3014 Gaditana
895 2957 955 3012 sota
972 2957 1071 3012 ciuitas
1088 2959 1116 3012 in
1131 2959 1188 3028 fida
1204 2963 1311 3018 mansit.

165 3041 219 3096 Sed
236 3043 319 3098 uerba
335 3045 396 3112 ipsa
413 3044 668 3111 exsaturanda,
679 3047 732 3098 ext.
746 3047 757 3096 1
776 3045 813 3111 (p.
823 3046 871 3096 ³07
890 3042 978 3106 Halm)
997 3046 1025 3096 et
1041 3057 1075 3096 ex
1088 3042 1142 3097 Cic.
1162 3059 1211 3114 pro
1224 3045 1311 3102 Balbo

169 3131 248 3192 aaut
269 3133 376 3198 sumpta
393 3143 448 3182 non
465 3128 559 3196 probo.

250 3211 312 3268 Huc
334 3213 453 3282 pertinet
475 3212 559 3266 breue
581 3211 649 3266 illud
670 3211 850 3278 fragmentum
871 3211 907 3265 ab
924 3209 1030 3266 Halmio
1049 3213 1084 3279 (p.
1103 3216 1145 3278 27)
1162 3213 1310 3282 inuentum,

166 3295 238 3366 quod
254 3297 401 3352 scholiasta
418 3297 524 3352 Lucani
542 3296 578 3350 ad
594 3295 690 3348 Phars.
703 3300 725 3360 1,
735 3297 783 3347 437
803 3294 913 3360 (Weber
928 3294 962 3362 ΙΙ,
974 3311 1000 3363 p.
1011 3298 1054 3360 69)
1073 3296 1179 3352 Ιαιιᾶιιῒε
1198 3299 1312 3354 Aduerni

166 3380 318 3450 aquodam
338 3381 456 3436 Troiano
474 3381 658 3445 nominantur,
677 3379 724 3448 qui
737 3383 805 3448 post
821 3381 940 3433 Aeneam
960 3377 1065 3434 Gallias
1081 3381 1203 3436 intrauit.
1220 3413 1253 3422 -—
1271 3383 1313 3438 lic

166 3462 209 3518 lais
228 3461 320 3519 Cicero
337 3465 367 3518 in
388 3463 544 3520 Scauriana
561 3463 604 3530 (fr.
616 3469 689 3526 liat:
715 3461 828 3518 quenti
843 3468 914 3529 sunt,
928 3465 978 3532 qui
993 3464 1074 3518 ctiam
1091 3463 1197 3532 fratres
1210 3467 1314 3539 populi

166 3547 286 3604 Romani
300 3554 475 3604 uocarentur.
1074 3615 1077 3620 Ι

234 3633 319 3689 Paulo
332 3639 396 3704 post
408 3633 516 3688 uidetur
528 3631 622 3687 Giccro
634 3632 707 3687 hunc
719 3631 752 3687 dc
764 3631 878 3686 testibus
890 3631 980 3686 locum
992 3631 1150 3696 absoluisse,
1168 3637 1195 3686 et
1206 3633 1239 3688 fr.
1250 3637 1310 3690 451’:

166 3717 254 3788 copiis
271 3719 360 3790 inops,
377 3724 457 3790 pcata
473 3717 570 3789 fallax
588 3716 854 3784 (ArusianMesap.
865 3720 915 3770 236
927 3715 1017 3783 Lini.)
1034 3715 1114 3770 huius
1133 3720 1312 3785 perorationis

165 3801 284 3856 fortasse
306 3807 347 3856 est
370 3803 511 3872 reliquum.
553 3801 606 3857 Sed
628 3801 829 3857 concedendum
855 3800 906 3853 crit
929 3799 1085 3855 Ciceronem
1110 3799 1179 3854 alius
1206 3819 1312 3874 quoque

168 3885 287 3939 ciuitatis
305 3889 426 3956 exemplo
444 3887 534 3954 allato,
554 3891 584 3940 nt
600 3887 756 3942 Aeduorum
774 3885 892 3951 (caesar,
910 3884 936 3938 b.
948 3884 980 3938 G.
993 3890 1014 3949 1,
1025 3887 1068 3948 33)
1085 3884 1214 3951 perfacile
1231 3888 1312 3945 huius

167 3969 220 4024 loci
243 3968 325 4024 finem
347 3971 427 4038 longe
448 3971 531 4026 ndum
552 3971 642 4025 facere
664 3969 793 4040 potuisse.
828 3967 908 4022 Certe
924 3969 1004 4039 plura
1021 3968 1152 4034 aliterque
1171 3969 1255 4038 dicta,
1279 3987 1312 4028 ac

167 4053 246 4108 Beier
265 4059 365 4122 censet,
384 4061 411 4108 et
428 4061 491 4111 ante
508 4055 542 4110 fr.
556 4055 602 4109 45¹³
615 4057 643 4108 et
659 4056 723 4122 post
740 4051 786 4106 43·Ι
801 4053 900 4106 amissa
918 4055 988 4106 sunt.
1014 4055 1039 4104 A
1050 4049 1105 4104 fine
1123 4053 1193 4106 enim
1212 4056 1312 4113 codicis

167 4136 193 4188 A
206 4139 241 4206 (ξ.
251 4143 306 4204 45))
318 4154 404 4208 usqne
416 4141 451 4195 ad
462 4139 495 4195 fr.
505 4141 552 4196 45¹¹
565 4138 638 4204 (Asc.
650 4142 692 4203 33,
701 4137 727 4208 6)
736 4136 862 4207 permulti
871 4135 994 4191 editionis
1005 4133 1087 4202 (circa
1103 4139 1158 4202 143,
1169 4137 1203 4193 ci.
1214 4155 1239 4208 p.
1251 4145 1311 4210 277)

218 4241 336 4294 Leipzigsr
349 4242 448 4285 Studien.
469 4243 498 4285 Π.
1079 4241 1110 4292 19
