3118 4870
270 410 332 472 236
748 409 811 464 Otto
831 409 941 466 Orosius

268 607 324 649 ται
347 580 403 648 ἐπὶ
427 584 492 646 noir
514 581 725 664 βουλομένων
748 567 783 646 ed
808 594 934 646 ποιεῖν·
964 581 997 647 οἱ
1025 578 1087 668 γὰρ
1116 573 1245 668 ἥρωες
1273 584 1428 647 κακοῦν

271 684 432 766 ἕτοιμοι
455 683 611 765 μᾶλλον
634 671 654 769 ἢ
674 676 924 768 εὐεργετεῖν,
949 675 994 759 ιύς
1010 705 1095 770 φησι
1110 681 1359 767 Μένανδρος
1384 680 1427 748 ἒν

268 783 533 871 Συνεφήβοις
548 782 599 866 (fr.
617 788 675 846 447
692 783 767 865 Mi:
786 786 824 848 et.
841 783 930 849 Suid.
946 803 971 849 s.
988 804 1016 849 u.
1034 776 1092 848 ούκ
1108 781 1177 865 εἰμὶ
1191 783 1258 848 κτλ.
1276 790 1307 850 et
1322 785 1425 850 schol.

267 886 364 952 Arist.
377 907 450 952 auu.
466 889 556 968 1400,
572 885 627 950 ubi
642 885 704 952 looi
716 883 903 950 Menandrei
917 883 986 967 (qui
998 884 1157 951 intercidit
1170 891 1304 970 excepto
1316 885 1426 967 titulo)

269 986 452 1072 explicandi
469 1005 565 1052 eausa
580 985 722 1052 additur:
739 977 791 1052 ὅτι
808 978 939 1071 ἀγαθὸν
954 985 1059 1071 γάμον
1072 989 1234 1068 χειμῶνος
1245 985 1289 1069 (ἲ)
1304 980 1321 1052 ὁ
1338 984 1425 1063 θεὸς

269 1087 415 1167 δίδωσιν,
434 1080 505 1152 οὐδ’
524 1079 649 1174 ἥρωσιν
665 1085 713 1164 εἷς
727 1089 825 1152 τοῦτο
843 1085 990 1170 δύναμις,
1014 1081 1088 1152 did'
1109 1080 1347 1174 ύποπλήκτοας
1361 1087 1425 1169 μὲν

267 1201 379 1254 ποιεῖν
403 1187 574 1268 δύνανται,
605 1185 647 1254 τὸ
673 1187 714 1252 δὲ
741 1182 897 1277 ιύιρελὲς
929 1181 971 1254 ού
1001 1194 1232 1277 κέκτηνται.
1278 1189 1344 1255 Sed
1366 1190 1424 1255 ubi

268 1290 463 1358 consulueris
485 1290 623 1380 Hesyeh.
640 1311 664 1356 s.
688 1295 892 1376 κρείττονας·
916 1289 993 1367 τοὺς
1015 1283 1126 1378 ἥρωας
1149 1283 1235 1355 odero
1259 1291 1421 1376 λέγουσιν.

269 1391 403 1456 δοκοῦσι
418 1390 454 1456 δὲ
472 1396 648 1456 κακωτικοί
670 1415 757 1468 τινες
779 1387 873 1456 εἶναι.
909 1389 1085 1457 dedendae
1108 1393 1162 1456 καὶ
1187 1392 1219 1457 οἱ
1242 1391 1423 1478 παριόντες

268 1491 309 1556 τὰ
327 1488 420 1580 ἡρῷα
437 1490 530 1578 σιγὴν
546 1490 656 1573 έχουσι
670 1491 715 1578 μή
731 1518 763 1558 τι
778 1495 940 1576 βλαβιῦσι.
975 1494 1030 1558 καὶ
1053 1493 1086 1558 οἱ
1107 1495 1186 1558 θεοὶ
1209 1492 1254 1558 δέ.
1289 1493 1423 1576 Araxe-

269 1595 325 1672 λος
340 1593 524 1670 Αἰτναίαις
536 1593 575 1679 1);
599 1594 739 1678 Aleiphr.
757 1613 806 1678 ep.
822 1596 879 1678 ΙΙΙ,
897 1599 936 1660 58
959 1598 1068 1681 τρέμω
1088 1591 1232 1660 dotando
1247 1593 1293 1660 τύ
1299 1597 1422 1678 χεῖλος,

269 1691 314 1772 ὡς
330 1696 362 1762 οἱ
377 1693 435 1761 τὸν
450 1693 590 1783 Σιγρλὸν
610 1688 679 1782 ἥρω
703 1694 896 1779 παριέντες,
919 1697 1015 1764 Arist.
1032 1717 1103 1763 auu.
1124 1689 1203 1762 1490
1219 1717 1288 1782 sqq.
1313 1695 1342 1762 εἰ
1357 1696 1422 1784 γὰρ

268 1795 394 1878 ἐντύχοι
409 1821 460 1875 τις
475 1789 544 1884 ἥρῳ
561 1794 572 1880 ΙΙ
588 1799 654 1860 τῶν
668 1798 795 1881 βροτῶν
812 1795 935 1884 νύκτωρ
947 1791 1082 1886 Ὀρέστῃ
1100 1798 1110 1884 d
1127 1795 1247 1884 γυμνὸς
1262 1785 1301 1886 ἦν
1318 1800 1421 1888 πλη-

266 1901 353 1984 γεὶς
376 1892 443 1964 ὑπ’
465 1891 588 1962 αύτού
605 1895 616 1981 d
633 1895 768 1960 πάντα
790 1889 1018 1977 τάπιδέξια
1039 1921 1110 1966 eum
1128 1901 1240 1966 seholl.
1257 1900 1314 1982 (=
1330 1902 1421 1967 Suid.

267 2022 292 2066 a.
305 2023 334 2067 u.
348 1995 517 2087 Ὀρέστης)
536 1999 568 2064 οἱ
583 1990 688 2084 ἥρωες
704 1996 739 2062 δέ
755 1997 950 2086 δινσύργητοι
965 2002 1213 2083 καὶχαλιποὶ
1235 2015 1325 2079 τοῖς
1348 1999 1421 2086 έμ-

267 2099 522 2178 πελάζονσιν
544 2096 688 2184 ἐγίνοντο
795 2099 846 2165 dro‘
869 2125 928 2183 μοι
952 2101 1084 2168 δοκοῦσι
1107 2105 1161 2168 καὶ
1193 2103 1225 2168 οἱ
1254 2100 1295 2168 τὰ
1326 2099 1421 2191 ἡρῷα

267 2199 446 2286 παριόντες
476 2197 569 2287 σιγὴν
598 2199 697 2281 ἔχειν,
733 2195 778 2276 <tc
806 2205 979 2288 Μυρτίλος
1010 2201 1043 2270 ἒν
1075 2202 1287 2270 Τιτανόπασί
1317 2228 1422 2292 φησιν

269 2301 318 2384 (fr.
336 2301 397 2366 156
412 2291 562 2389 Μ)ἢ
585 2293 637 2366 ύτι
660 2302 699 2366 οἱ
722 2300 1041 2388 ἐντυγχάνοντες
1066 2303 1179 2382 νυκτὸς
1201 2298 1307 2392 ἥρωσι
1331 2306 1420 2372 διέ-

268 2424 447 2490 στρεφον
469 2400 541 2480 τὰς
562 2397 700 2488 ύψεις;
723 2405 838 2471 Athen.
853 2407 910 2490 XI,
927 2411 998 2490 461,
1019 2407 1043 2472 0
1067 2405 1208 2474 ...διὰ
1230 2405 1302 2494 τὴν
1325 2400 1420 2486 ὀξύ-

266 2531 367 2592 τητα
382 2508 427 2592 τῆ
434 2528 451 2581 ς
466 2501 721 2592 ἐπιφανείας
736 2508 802 2571 τῶν
819 2506 986 2590 δαιμόνων
999 2559 1006 2573 .
1019 2558 1026 2573 .
1040 2505 1225 2588 ,χαλεπούς
1235 2506 1298 2596 γὰρ
1312 2509 1420 2598 πλήκ-

266 2631 325 2684 τας
347 2605 424 2683 τούς
445 2599 557 2693 ἥρωας
580 2601 750 2690 νομίζουσι
771 2609 825 2672 καὶ
849 2609 975 2690 μᾶλλον
998 2607 1122 2695 νύκτωρ
1141 2599 1258 2696 r'p'pre‘d'
1276 2607 1419 2700 ἡμέρανε

267 2707 432 2774 Menandri
447 2709 503 2774 illa
524 2707 627 2792 (Gom.
642 2709 694 2790 IV,
717 2731 748 2792 p.
769 2709 844 2792 204)
868 2714 935 2776 toto
958 2711 1047 2777 eaelo
1070 2712 1274 2780 aBabrianis
1297 2715 1418 2783 distare

266 2810 443 2892 intelleges,
467 2830 538 2876 oum
553 2809 702 2878 fluxerint
717 2831 757 2876 ex
774 2831 812 2878 eo
829 2811 914 2892 quod
928 2815 1054 2879 ueteres
1069 2812 1196 2880 heroem
1215 2822 1418 2898 praesentem

266 2911 294 2977 si
308 2909 454 2976 uiderent
466 2913 638 2996 apoplexia
652 2913 704 2978 uel
719 2912 815 2978 simili
827 2913 912 2978 mato
928 2932 963 2980 se
979 2914 1092 2998 corripi
1105 2915 1286 2983 eredebant.
1319 2916 1417 2985 Soho·

208 3039 216 3052 ·
266 3011 342 3077 lium
366 3016 472 3078 autem
490 3013 768 3096 Aristophaneum,
792 3014 825 3079 in
847 3035 910 3097 quo
931 3015 1101 3082 Babrianis
1123 3015 1286 3084 simillima
1308 3020 1417 3104 legun·

266 3119 325 3194 tur,
350 3117 382 3178 et
400 3113 505 3198 ipsum
527 3113 765 3180 recentissimae
787 3116 901 3182 aetatis
924 3135 996 3182 esse
1017 3117 1166 3184 uniuerso
1189 3118 1257 3184 eius
1281 3119 1418 3187 efficitur

267 3219 386 3280 tenore.
431 3215 540 3281 Manet
568 3215 665 3299 igitur
686 3217 811 3300 Babrii,
841 3217 894 3302 qui
920 3211 1048 3283 ‘heroas
1071 3238 1142 3283 eum
1164 3217 1294 3287 diabolo
1318 3221 1418 3288 habet

267 3315 380 3382 eodem
403 3307 487 3382 looo’
515 3315 638 3398 (Naber
658 3336 688 3399 p.
710 3315 795 3400 431),
818 3317 925 3402 opinio
947 3317 980 3382 in
1003 3317 1086 3384 bona
1109 3320 1299 3401 antiquitate
1320 3323 1418 3408 plane

266 3417 445 3500 singularis,
489 3417 557 3481 Iam
584 3418 617 3482 in
646 3417 833 3484 memoriam
861 3439 975 3486 reuooo
998 3419 1135 3486 Iudaeos
1164 3429 1196 3487 et
1218 3421 1418 3492 Christianos

353 3637 376 3700 1)
395 3633 466 3688 Hinc
485 3633 553 3689 falso
572 3634 700 3688 Weioker
716 3650 754 3704 gr.
773 3634 885 3690 Getterl.
898 3636 938 3690 III
954 3653 980 3706 p.
991 3640 1054 3692 285:
1074 3633 1122 3692 ‘Es
1141 3637 1247 3692 soheint
1265 3639 1366 3694 darauf
1381 3671 1416 3679 —

266 3719 419 3786 opinionem
443 3718 509 3772 dicit
531 3734 615 3787 supra
638 3719 788 3788 expositam
806 3749 840 3757 —
858 3721 963 3775 sehon
980 3721 1177 3792 Aeschylos
1195 3723 1266 3776 nach
1285 3723 1344 3777 dem
1362 3739 1416 3778 ron

265 3803 413 3873 Hesychios
437 3820 463 3856 u.
487 3808 638 3874 κρείττονες
661 3803 840 3872 angeftthrten
866 3804 974 3873 Antang
999 3807 1072 3862 eines
1099 3807 1258 3875 Fragments
1285 3823 1335 3862 aus
1362 3807 1416 3862 den

265 3889 482 3944 Aetnaeerinnen
500 3892 523 3953 (t
543 3888 636 3954 Dind.)
653 3888 805 3943 Rdcksioht
821 3903 978 3956 genommen
995 3907 1030 3946 zu
1047 3888 1154 3960 haben’3
1172 3907 1235 3946 nam
1252 3883 1414 3945 nereidem

267 3970 297 4025 δὲ
318 3975 403 4028 uerba
426 3989 480 4028 non
498 3979 561 4028 sunt
578 3973 721 4042 fragmenti
738 3973 857 4040 initium,
882 3991 943 4029 oum
965 3981 1028 4045 post
1045 3991 1079 4031 ea·
1096 3977 1274 4046 supplendum
1290 3977 1416 4032 uideatur

266 4063 417 4128 κρείττονες
435 4055 559 4130 λέγονται
576 4059 622 4113 nel
639 4059 726 4113 similo
744 4058 819 4126 quid:
837 4074 926 4128 neque
943 4060 1026 4128 igitur
1043 4075 1113 4130 quae
1128 4061 1161 4117 de
1173 4061 1301 4132 heroibus
1314 4075 1414 4116 nocen-

267 4140 342 4196 tibus
360 4141 495 4209 diountur‚
518 4143 552 4197 ad
570 4143 666 4198 ultimo
684 4143 751 4197 haec
769 4142 864 4198 referri
881 4150 1004 4213 possunt.
