3118 4870
580 419 613 474 de
630 419 725 476 Babrii
742 425 839 477 aetate.
1224 425 1286 490 239

134 610 193 658 nus
206 589 247 676 1),
271 589 443 673 Gregorius
465 591 685 660 Nazianzenus
695 593 739 678 ²),
762 594 910 678 Photius‚
934 594 1120 682 Georgides,
1143 601 1284 685 Tzetzes,

134 691 252 760 Suidas
267 728 324 775 -,
352 691 422 776 ipse
444 698 551 760 autem
573 694 701 760 fabulas
722 715 797 762 suas
819 695 983 763 celerrime
1004 698 1189 764 nobilitatus
1215 721 1286 770 esse

134 799 269 861 testetur
285 813 426 878 prooem.
442 794 473 860 ΙΙ
488 813 517 860 u.
534 797 552 858 9
568 813 653 877 sqq.:
676 801 761 862 certe
782 817 846 863 non
868 798 1001 864 multum
1023 805 1099 866 ante
1121 802 1284 868 saeculum

133 893 215 962 illud
236 915 310 962 eum
330 893 476 960 floruisse
496 895 664 978 probabile
688 902 744 965 est.

219 997 289 1062 Iam
310 995 407 1077 igitur
428 1033 469 1044 -
492 1002 579 1064 uteo
594 997 691 1064 finem
706 998 821 1066 faciam
835 998 920 1066 unde
935 998 991 1065 alii
1005 1001 1140 1084 profecti
1154 1009 1227 1070 sunt
1241 1041 1283 1050 —-

132 1099 161 1164 si
182 1097 318 1182 scriptor
340 1097 481 1164 Graccus
510 1097 686 1183 ῥωμαῒζων
714 1100 807 1166 huius
829 1101 945 1166 aetatis
971 1101 1114 1184 βασιλέα
1130 1095 1284 1181 Ἀλέξαν-

133 1193 221 1286 δρον
237 1204 463 1266 commemorat
486 1235 527 1245 -
549 1199 590 1267 de
612 1220 674 1283 quo
696 1202 809 1267 melius
831 1201 964 1284 cogitari
985 1207 1101 1288 potest,
1125 1224 1220 1287 quam
1243 1207 1284 1276 de

131 1300 316 1366 Alexandro
334 1300 453 1368 Seuero
469 1301 693 1369 Boissonadii?
727 1305 811 1370 Nam
835 1323 906 1369 cum
927 1302 1100 1388 imperator
1120 1307 1283 1376 Romanus

132 1402 175 1468 ab
198 1401 285 1468 illius
307 1402 423 1468 aetatis
446 1403 578 1470 Graecis
599 1404 666 1470 lere
688 1423 814 1488 semper
833 1403 991 1487 βασιλεὺς
1012 1412 1145 1474 uocatur
1155 1407 1190 1492 3),
1216 1415 1283 1476 turn

130 1501 317 1570 Alexander
332 1503 470 1570 Seuerus
486 1496 701 1592 Ἀλέξανδρος
710 1503 747 1587 4).
783 1505 901 1571 Filium
923 1512 1031 1572 autem
1046 1527 1117 1575 eum
1132 1509 1283 1580 habuisse

132 1651 214 1706 quam
237 1641 350 1704 propter
373 1651 523 1691 sermonem
541 1641 569 1692 et
586 1643 671 1692 artem
688 1639 717 1693 in
734 1641 850 1692 aetatem
868 1638 949 1693 etiam
967 1640 1144 1694 recentiorem
1162 1655 1223 1696 eum
1240 1659 1282 1698 re-

131 1721 273 1776 ferendum
297 1735 356 1775 esse
379 1721 520 1790 probabile
542 1726 594 1776 cst:
619 1721 653 1777 el.
669 1721 784 1776 Mueller
808 1721 841 1776 de
861 1737 890 1776 re
907 1727 982 1776 metr.
998 1739 1024 1791 p.
1042 1729 1088 1788 55,
1111 1723 1157 1792 qui
1173 1719 1283 1781 ‘ultimis

131 1805 240 1873 imperii
256 1805 371 1860 Romani
388 1799 579 1872 temporibus,
598 1809 625 1859 et
642 1805 782 1860 Froelmer
798 1822 825 1874 p.
843 1806 907 1873 XII,
926 1807 972 1875 qui
989 1807 1042 1876 ipsi
1060 1807 1154 1875 quinto
1173 1810 1281 1864 saeculo
1356 1859 1359 1866 .

131 1905 194 1944 eum
212 1888 339 1956 assignat.
370 1889 459 1956 Quare
477 1889 658 1944 Theodosium
675 1890 750 1944 illum
767 1889 943 1959 praefationis
961 1891 1132 1946 Macrobium
1148 1907 1208 1948 esse
1225 1896 1283 1949 ueri

131 1989 187 2029 non
206 1976 247 2027 est
259 1972 398 2028 dissimile:
417 1974 531 2027 Mueller
540 1967 582 2026 ‘de
594 1971 725 2030 Phaedro'
736 1991 763 2043 p.
774 1980 814 2030 32.
841 1975 1054 2042 Lachmannum‚
1072 1977 1119 2045 qui
1131 1979 1179 2044 (kl.
1190 1978 1282 2037 Schrr.

130 2073 158 2126 p.
174 2061 285 2122 11-56)
302 2058 439 2112 Auianum
462 2056 541 2110 finxit
561 2073 674 2126 prorsus
691 2075 808 2123 nouum,
832 2060 907 2114 utin
926 2061 1063 2116 saeculum
1080 2061 1107 2114 Π
1124 2077 1186 2116 eum
1202 2079 1282 2118 reuo-

133 2147 218 2207 caret,
235 2157 313 2196 nemo
330 2142 384 2196 iam
402 2141 537 2210 sequitnr;
556 2147 637 2210 atque
655 2144 746 2198 obstat
763 2145 844 2198 etiam
862 2145 963 2200 Titiani
980 2149 1064 2200 aetas.

220 2231 244 2292 1)
262 2227 294 2279 In
317 2241 359 2294 ep.
377 2231 410 2280 19
434 2227 469 2280 ed
485 2227 645 2295 Dionysium
662 2227 745 2282 missa
761 2227 887 2296 legimus:
912 2228 962 2282 τὸν
979 2230 1074 2298 μῦθον
1092 2227 1205 2296 ἀκήκοας
1222 2229 1282 2297 (τὸν
1385 2259 1388 2265 ,

131 2315 256 2380 Βαβρλου
274 2311 359 2364 uerba
376 2325 445 2378 quae
462 2310 491 2364 in
508 2310 646 2364 codicibus
663 2311 720 2364 suis
739 2310 832 2366 deesse
849 2315 966 2366 testatur
983 2314 1082 2382 Heyler
1099 2331 1126 2384 p.
1140 2320 1188 2369 441
1208 2321 1282 2370 recte

131 2395 212 2450 eiecit
228 2393 368 2448 Knoobius
386 2411 413 2461 p.
424 2381 477 2458 31,
501 2393 669 2460 neglegentia
686 2397 717 2446 ut
734 2394 842 2447 uidetur
859 2397 982 2450 seruauit
998 2398 1280 2454 Hercher-Wcsterm.

131 2479 288 2549 epistologr.
303 2493 330 2544 p.
346 2481 394 2529 316
412 2477 441 2530 in
459 2475 577 2530 adnotat.
589 2476 648 2530 orit.
658 2492 684 2543 p.
695 2475 785 2528 XLIX
803 2477 836 2530 de
853 2479 913 2531 loco
930 2483 1048 2544 tacens)·
1066 2481 1135 2551 γαλῆ
1152 2481 1215 2536 ποτ’
1235 2482 1280 2536 ἂν·

131 2561 193 2632 δρὸς
217 2555 367 2632 εὐπρεποῦς
391 2559 542 2630 ἔρασθεῖσα
565 2561 609 2624 (=
626 2559 708 2614 Babr.
728 2563 775 2626 32,
795 2563 830 2624 1)·
855 2560 890 2612 ταὶ
914 2559 945 2613 δὲ
965 2559 1034 2614 ἄλλα
1058 2565 1087 2614 ἐκ
1107 2567 1154 2616 eoi
1172 2566 1282 2633 βιβλίου

130 2647 274 2716 eductam:
297 2643 368 2698 unde
390 2644 483 2698 Babrii
505 2643 670 2697 choliambos
691 2643 738 2698 illo
764 2649 884 2713 tempore
906 2647 1081 2714 peruulgatos
1104 2648 1189 2703 fuisse
1209 2651 1281 2705 inter

34 2797 35 2802 η
80 2783 91 2800 ,
132 2732 229 2787 doctos
248 2732 321 2783 certe
338 2729 460 2784 homines
477 2733 551 2783 reete
566 2727 758 2782 concluserunt
770 2729 934 2798 Tyrwhittus
947 2730 1020 2798 apud
1032 2730 1096 2785 Fur.
1106 2748 1132 2799 p.
1143 2731 1281 2788 CLXXXI

131 2815 192 2871 adn.
204 2819 236 2868 36
255 2817 282 2866 31
292 2812 432 2867 Knoobius
450 2829 476 2881 p.
488 2817 529 2868 31.
557 2813 681 2868 Ceterum
699 2815 780 2868 etiam
797 2828 837 2882 ep.
852 2817 866 2867 8
885 2829 954 2882 quae
966 2815 1093 2882 leguntur
1104 2812 1216 2870 πάντας
1227 2835 1280 2869 που

131 2905 177 2952 καὶ
195 2896 272 2969 παρὰ
289 2899 348 2950 τῶν
365 2896 490 2963 ἡττόνων
501 2897 574 2950 εἶναί
586 2917 613 2950 τι
624 2896 751 2968 χρηστὸν,
769 2893 784 2950 ὁ
796 2899 846 2966 μῦς
857 2895 907 2971 σὸν
919 2896 1016 2952 λέοντα
1026 2899 1067 2964 τῷ
1079 2899 1177 2966 μισθῷ
1189 2897 1281 2952 σώσας

133 2979 289 3055 ἀρκούντως
307 2979 444 3034 δείκνυσιν
462 2983 544 3036 (13313
561 2982 689 3036 uidentur
706 2997 721 3036 c
739 2982 820 3035 Babr.
833 2986 877 3034 101
891 2982 1047 3050 (praecipue
1059 2987 1170 3051 propter
1180 2983 1279 3051 μισθῷ

132 3067 305 3130 uocabulum,
324 3066 396 3134 quod
413 3066 497 3121 habet
513 3065 595 3120 Babr.
613 3067 642 3120 in
659 3081 742 3120 uersu
760 3066 861 3132 ultimo,
880 3081 941 3120 oum
960 3066 988 3120 O.
1000 3071 1046 3120 111
1062 3071 1090 3121 31
1101 3083 1126 3135 p.
1137 3071 1186 3121 313
1204 3061 1279 3136 ἀμοι-

131 3151 184 3219 βὴν
202 3155 231 3204 31
247 3149 325 3223 χάριν
342 3151 509 3218 praebeant),
527 3157 608 3219 atque
624 3150 719 3206 sabula
736 3150 768 3205 de
780 3151 861 3205 miluo
880 3151 942 3218 equi
958 3166 1054 3206 uocem
1070 3150 1193 3206 imitante
1211 3166 1280 3219 quae

133 3238 261 3290 narratur
276 3235 305 3288 in
318 3235 495 3303 Misopogone
513 3238 556 3300 (=
566 3233 595 3288 Ο.
606 3239 662 3299 333,
672 3235 707 3290 Η.
720 3236 791 3300 tort)
809 3235 874 3290 ficta
892 3241 934 3290 est
945 3236 980 3291 ad
995 3235 1147 3290 Babrianae
1160 3240 1191 3290 13
1205 3251 1280 3290 nunc

132 3321 289 3376 decurtatae
306 3318 450 3388 exemplar.

217 3408 244 3468 2)
262 3403 369 3458 Fabula
379 3403 435 3457 eius
445 3417 514 3471 quae
522 3402 620 3470 legitur
628 3403 657 3456 in
667 3403 789 3472 epistulis
798 3409 862 3459 tom.
873 3404 885 3456 Ι
895 3421 921 3474 p.
931 3409 980 3458 161
996 3408 1040 3471 (-.
1049 3403 1079 3458 0.
1090 3407 1148 3468 336,
1160 3401 1195 3455 Η.
1205 3407 1279 3468 4161)

132 3483 266 3555 χελιδόνες
283 3491 328 3538 καὶ
345 3484 438 3540 κύκνοι
456 3487 640 3542 contaminata
657 3487 817 3568 uidetur‚cx
834 3489 928 3543 Babrii
946 3493 975 3544 ta
993 3494 1021 3542 et
1038 3487 1114 3542 Bodl.
1125 3492 1166 3552 45,
1185 3501 1278 3554 quarn-

132 3590 211 3643 quam
229 3571 342 3640 cogitari
358 3575 450 3640 potest
467 3586 500 3625 ex
516 3571 576 3640 ipso
593 3571 669 3626 fonte
682 3573 775 3627 Babrii
788 3573 983 3639 (Nicostratol)
998 3587 1057 3626 eam
1072 3573 1196 3626 haustam
1211 3585 1279 3625 csse.

131 3659 162 3712 In
175 3657 271 3712 fabula
285 3656 401 3710 iambica
417 3654 503 3728 γαλῆν
520 3656 630 3721 καθίζει
647 3656 736 3725 μῦθος
753 3656 809 3710 κτλ.
827 3653 870 3711 ‘de
888 3673 917 3712 se
933 3655 1005 3724 ipso’
1025 3673 1051 3710 u.
1069 3661 1115 3708 tot
1133 3671 1189 3724 sqq.
1209 3653 1278 3710 Toll.

131 3742 200 3807 (Cor.
218 3756 244 3809 p.
264 3746 335 3806 104),
358 3755 427 3809 quae
445 3745 486 3794 est
504 3739 596 3794 Babrii
614 3744 660 3805 33,
686 3747 761 3794 certa
778 3742 903 3796 dictionis
922 3739 1074 3794 Babricnae
1091 3739 1206 3807 uestigia
1223 3754 1280 3794 non

131 3825 223 3880 inueni
241 3828 334 3892 (quare
350 3824 403 3879 hoe
421 3825 603 3879 testimonium
620 3827 694 3879 recte
711 3825 802 3879 omisit
818 3824 1013 3888 Eberhardus).

217 3915 243 3975 3)
260 3908 406 3964 Herodian.
422 3909 443 3974 I,
458 3915 483 3974 2,
495 3915 516 3962 1.
531 3913 556 3974 8,
572 3915 595 3962 4.
606 3913 630 3962 6.
645 3914 669 3974 9,
680 3913 703 3962 2.
715 3913 738 3962 3.
748 3915 772 3963 5.
790 3912 827 3972 10,
839 3912 862 3963 3.
880 3913 952 3972 11,3.
970 3910 1009 3973 11,
1020 3911 1042 3960 3.
1055 3912 1080 3961 6.
1102 3911 1139 3973 13,
1153 3909 1208 3961 12.
1218 3911 1241 3962 4.
1252 3913 1277 3963 5.

134 4000 172 4062 14,
183 4001 207 4048 5.
218 3998 241 4046 7.
252 3997 276 4047 8.
293 3998 332 4060 16,
344 3997 366 4047 3.
378 3999 401 4047 5.
421 3999 460 4061 l'l,
471 3999 492 4046 t.
506 3998 545 4046 10.
558 3998 588 4046 12
604 3997 655 4047 313.
687 3992 770 4045 Anth.
786 3992 843 4046 Pal.
857 3991 905 4056 IX,
918 3995 973 4045 137.
985 3995 1102 4046 3611653
1119 3992 1153 4045 al.
1171 4022 1201 4032 -
1217 3990 1279 4046 Vid.

131 4079 238 4134 Eekhel
255 4077 339 4132 doctr.
349 4093 448 4131 numm.
459 4077 524 4132 vm
538 4094 565 4146 p.
576 4080 634 4141 361,
653 4075 746 4145 Steph.
757 4075 837 4130 Thes.
848 4075 875 4128 ΙΙ
889 4091 916 4144 p.
929 4079 985 4130 166.

218 4167 245 4228 4)
262 4162 407 4219 Herodian.
417 4161 490 4228 Vm,
504 4167 525 4228 1,
538 4165 628 4215 aas
639 4164 664 4214 3.
678 4164 715 4215 to.
735 4164 819 4228 1,3.1
833 4165 884 4214 etc.

485 4260 488 4265 '
1026 4244 1072 4296 16*
