3118 4870
275 393 338 465 220
756 403 820 458 Otto
839 401 951 457 Omnius

274 577 429 646 auxilium
445 581 579 659 peteret,
602 576 728 660 uolpcm
751 574 782 640 ei
804 573 940 638 dixisse:
960 557 1000 636 ‘oi
1028 563 1155 658 ἀνόητε,
1180 568 1210 635 εἷ
1227 569 1331 648 τόσας
1346 576 1424 657 φρέ-

159 679 161 684 ’
275 702 332 755 νας
355 673 446 759 εἶχες,
470 669 552 752 ὅσας
575 672 609 739 ἐν
630 677 678 759 τῴ
701 672 838 760 πώγωνι
859 678 973 760 τρίχας
983 673 1016 756 1),
1040 671 1204 758 πρότερον
1227 664 1284 737 οὐκ
1307 661 1346 737 ἂν
1367 698 1424 737 κα·

273 783 379 867 recog,
404 777 432 843 εἰ
448 777 492 865 ptr)
516 774 575 864 τὴν
598 769 717 841 ἄνοδον
740 767 890 858 idaturos
930 775 1024 840 Exile
1046 779 1095 841 est
1117 780 1338 858 argumentum
1360 775 1422 841 uel·

273 899 411 966 pesque,
436 887 469 945 ut
490 879 574 946 solet
596 878 682 963 apud
706 878 873 960 Babrium,
901 895 976 942 casu
998 875 1225 961 superueniens
1248 876 1328 941 nihil
1351 876 1424 941 facit

273 983 335 1050 nisi
357 981 443 1064 quod
465 981 584 1047 dictum
606 982 727 1064 profert
756 978 835 1045 satis
863 976 1022 1057 frigidum.
1068 978 1178 1063 Longe
1207 977 1301 1044 aliter
1323 977 1423 1043 Phae-

275 1084 350 1150 drus
370 1083 474 1168 1v,e:

427 1183 506 1250 Cum
530 1183 703 1251 decidisset
724 1181 838 1266 uulpes
860 1180 893 1244 in
915 1187 1046 1264 puteum
1068 1180 1169 1246 inscia

427 1287 468 1350 ut
490 1286 606 1352 altiore
628 1282 830 1350 clauderetur
852 1282 1005 1366 margine,

427 1386 565 1452 Deucnit
586 1385 693 1452 hircus
716 1385 826 1451 sitiens
848 1383 881 1449 in
903 1382 1040 1450 eundem
1062 1383 1182 1466 locum3

429 1485 531 1552 Simul
553 1486 692 1572 rogauit,
716 1491 800 1552 esset
822 1504 863 1551 an
886 1483 989 1550 dulcis
1012 1485 1115 1566 liquor

383 1601 398 1649 s
431 1589 472 1653 ut
494 1589 664 1672 copiosus?
700 1589 762 1654 Illa
783 1585 930 1654 fraudem
950 1586 1098 1652 moliens:

424 1684 620 1773 ‘Descende,
644 1689 761 1771 amice3
785 1694 874 1753 tanta
897 1687 1023 1753 bonitas
1045 1693 1094 1753 est
1116 1705 1229 1770 aquae,

427 1791 585 1875 Voluptas
606 1796 641 1856 ut
663 1789 773 1856 satiari
795 1809 857 1856 non
880 1787 983 1873 possit
1006 1779 1094 1854 mea?

427 1893 552 1958 inmisit
574 1912 608 1958 sc
631 1892 793 1957 barbatus.
837 1891 918 1954 Tum
942 1891 1111 1974 uulpecula

426 1994 540 2058 Euasit
560 2001 672 2078 puteo,
695 1993 771 2058 nixa
793 1992 887 2058 celsis
910 1992 1067 2076 cornibus,

428 2093 623 2175 Hircumque
645 2095 753 2160 clauso
776 2094 869 2176 liquit
891 2094 1074 2160 haerentem
1098 2092 1191 2160 uado.

272 2210 430 2277 Primaria
441 2211 521 2276 haec
532 2211 635 2278 forma
646 2211 741 2279 etiam
758 2211 916 2296 copiosius
931 2217 1077 2276 narratur
1092 2230 1112 2275 a
1127 2212 1306 2280 fabulatore
1317 2213 1423 2297 Augu·
1536 2259 1537 2310 1

272 2317 365 2380 stane
390 2312 458 2378 S.9
480 2343 523 2365 =
545 2313 579 2380 O.
601 2335 632 2399 p.
649 2317 710 2380 282
726 2332 790 2396 sq.‚
820 2313 860 2380 H.
881 2318 921 2376 45
945 2319 977 2378 et
999 2313 1181 2380 Florentino
1203 2313 1240 2379 F.
1256 2320 1292 2398 4,
1322 2315 1423 2382 minus

272 2414 356 2480 bene
372 2433 392 2477 a
407 2413 618 2482 Neuelctiano
634 2415 673 2481 N.
689 2421 707 2479 4
722 2413 791 2498 (ubi
807 2412 1015 2500 deprecatum
1031 2419 1080 2480 est
1094 2413 1228 2498 initium,
1245 2417 1284 2482 of.
1301 2415 1422 2484 Husch-

272 2514 346 2581 kius
360 2515 447 2600 apud
458 2515 586 2583 Furiam
601 2538 631 2601 p.
645 2513 828 2599 sextu),
847 2533 1040 2597 quamquam
1056 2537 1166 2584 omnes
1180 2516 1330 2601 frigidum
1345 2519 1423 2585 illud

274 2615 441 2682 dicterium
462 2616 583 2684 habent
609 2618 650 2685 de
678 2617 805 2704 ingenio
835 2636 907 2682 cum
935 2615 1038 2682 barba
1066 2624 1250 2703 comparato
1272 2617 1423 2711 §quoda

272 2717 382 2783 fabula
397 2719 559 2786 Babriana
580 2721 613 2786 in
636 2725 758 2786 ceteras
780 2719 969 2786 translatum
986 2737 1056 2785 esse
1079 2719 1165 2785 haud
1188 2720 1254 2786 soio
1276 2742 1318 2787 an
1340 2729 1423 2789 recte

273 2819 443 2885 coniecerit
463 2820 637 2904 Bentleius,
661 2840 854 2904 quamquam
877 2819 914 2885 cf.
931 2818 1073 2886 Huschk.
1088 2842 1119 2906 p.
1136 2820 1307 2907 OOXLVI)
1332 2823 1354 2906 ).

379 2921 416 2985 In
444 2923 508 2988 lab.
535 2925 593 2988 153
617 2920 665 3005 (0.
682 2943 712 3006 p.
730 2925 779 2990 83.
810 2923 921 2990 Neuel.
938 2927 1059 2989 tetrast.
1078 2926 1126 2989 11.
1161 2922 1252 2990 Bodl.
1269 2923 1330 2988 Kn.
1352 2923 1422 3006 118)
1535 2923 1536 2967 ³

272 3023 387 3106 anguis
415 3023 576 3108 agricolae
608 3023 708 3090 filium
744 3023 907 3108 interficit;
942 3024 1042 3089 iratus
1073 3023 1171 3106 igitur
1201 3024 1257 3092 illo
1287 3045 1422 3094 cauerna

274 3130 444 3190 exeuntem
466 3125 570 3191 securi
592 3125 674 3210 petit
695 3144 800 3208 neque
822 3133 930 3193 tamen
951 3125 1057 3211 ipsum
1079 3125 1151 3192 serit
1169 3125 1228 3192 sed
1247 3144 1361 3193 saxum
1378 3126 1421 3194 ui-

273 3226 388 3292 cinum.
424 3226 538 3308 Itaque
560 3227 662 3293 salem
684 3233 716 3293 et
733 3247 848 3312 panem
864 3227 1001 3296 offerens
1018 3225 1060 3292 ad
1074 3247 1188 3312 pacem
1203 3226 1421 3314 redintegran-

364 3380 385 3440 l)
404 3374 444 3429 Of.
454 3375 557 3429 Pallad.
567 3376 650 3430 Anth.
660 3376 717 3430 Pal.
727 3375 775 3442 XI,
785 3381 847 3431 430:
870 3382 916 3429 καὶ
933 3374 1030 3449 τράγος
1048 3371 1183 3449 sinciput·
1201 3374 1263 3448 αἶψ’
1284 3373 1344 3432 ὅλος
1367 3383 1423 3433 ἐστὶ

273 3457 393 3512 Πλάτων
412 3465 438 3512 et
456 3461 514 3513 eim.
533 3463 590 3514 419.
609 3464 668 3515 ltu.

357 3547 384 3610 2)
402 3542 527 3598 Formam
537 3543 689 3600 Bebrianae
703 3545 815 3600 similem
826 3545 909 3600 habet
922 3545 1003 3600 etiam
1015 3544 1142 3614 Syntipas
1155 3545 1201 3614 qui
1213 3545 1313 3601 dicitur
1326 3549 1380 3604 fab.
1394 3554 1422 3603 tu

273 3629 355 3698 (apud
374 3627 488 3682 Goraem
505 3646 530 3698 p.
550 3633 610 3695 283)
627 3635 655 3684 et
672 3630 826 3685 Loomanus
844 3629 979 3684 Arabicus
997 3643 1031 3683 ex
1049 3629 1096 3683 illo
1115 3629 1213 3684 ductus
1232 3630 1372 3696 (Grauert.
1391 3634 1423 3688 de

272 3716 334 3766 Aes.
350 3729 377 3781 p.
395 3717 441 3768 105
457 3717 534 3782 squ),
553 3713 605 3768 nisi
622 3714 695 3783 quod
712 3715 793 3768 etiam
810 3715 929 3784 ineptius
946 3730 996 3784 pro
1014 3713 1090 3768 hirco
1107 3713 1227 3782 leporem
1245 3715 1292 3770 ille
1310 3717 1423 3787 (Benley
1524 3759 1529 3770 .

272 3799 291 3851 l.
302 3813 323 3850 s.
334 3813 355 3850 s.
365 3815 390 3866 p.
405 3801 470 3862 182),
489 3797 534 3852 hic
552 3813 663 3853 ceruum
681 3799 828 3864 substituit,
847 3797 882 3853 cf.
893 3798 1042 3852 Gr·euertus
1055 3796 1088 3851 de
1101 3799 1209 3868 Aesopo
1222 3815 1249 3868 p.
1267 3806 1324 3855 tuu.
1354 3801 1422 3856 For-

272 3897 342 3936 mam
361 3882 523 3936 Babrianam
540 3882 733 3940 Noueletianae
749 3883 878 3952 praetulit
895 3883 1053 3951 Lessingius
1071 3897 1114 3950 op.
1127 3881 1167 3935 XI
1179 3899 1206 3951 p.
1217 3887 1249 3937 91
1263 3884 1307 3950 L..
1325 3886 1352 3940 in
1371 3901 1424 3955 qus

272 3965 380 4034 uolpem
398 3967 475 4020 nimis
492 3967 629 4022 incautam
647 3983 706 4023 esse
722 3973 797 4040 recta
814 3967 961 4036 uituperat.
990 3967 1092 4022 Verum
1109 3965 1163 4020 hoo
1174 3967 1364 4024 diasceuastae
1380 3985 1423 4024 re·
1533 3957 1534 4030 ἦ

274 4050 386 4106 certiori
409 4051 581 4107 tribuendum
605 4068 665 4108 esse
686 4053 826 4108 Phaedrus
853 4057 880 4106 et
903 4057 1010 4106 ceterae
1036 4050 1145 4106 fabulae
1173 4051 1296 4108 Graecae
1324 4054 1424 4112 similes

273 4139 399 4204 arguunt,
418 4134 452 4190 cf.
463 4135 585 4191 Huschk.
595 4137 612 4190 l.
622 4153 643 4192 s.
653 4153 675 4192 s.
686 4153 712 4206 p.
722 4136 863 4191 OGXLlV.
