3138 4872
281 399 341 466 140
759 402 823 458 Otto
842 402 953 460 Oruuius

279 590 451 654 congruere
466 583 557 643 -ut
579 574 694 660 Syriae
715 575 863 661 proprius
884 594 989 657 neque
1011 576 1174 642 eunuchus
1197 583 1256 659 est,
1279 599 1374 662 quem
1397 579 1429 646 in

280 679 376 745 aliam
398 680 539 746 tabulam
555 677 720 745 Phaedrus
735 677 791 760 ΙΙΙ,
811 682 845 741 11
870 675 1006 760 induxit,
1028 697 1132 760 neque
1150 676 1257 767 θύτης
1274 680 1328 762 qui
1343 700 1429 747 more
1465 703 1469 708 ·

279 782 411 848 Graecis
444 782 591 848 omnibus
624 779 839 862 Romanisque
873 778 1032 846 communi
1064 772 1283 868 dyabolicae
1315 776 1428 848 ἁπλοῖ.

278 884 387 966 Pergit
409 905 439 969 p.
459 888 534 949 185:
554 877 637 947 ‘Wir
658 882 754 966 iligen
775 879 871 947 hinnu
878 929 887 964 ‚
911 879 986 947 dass
1014 881 1067 946 die
1088 883 1317 950 Dattelbaufen
1339 891 1430 951 unter

279 985 341 1050 den
363 982 720 1068 gemeinchcrrtttbcn
743 983 841 1066 ciues,
865 982 927 1048 wie
949 1002 983 1050 es
999 982 1123 1050 scheint
1136 983 1322 1052 lltndlichen
1336 985 1425 1070 Spei-

279 1087 370 1153 chers
391 1085 485 1168 (rao.
506 1085 651 1171 108,18)
673 1085 732 1152 auf
749 1085 821 1150 den·
835 1083 960 1165 Orient,
990 1083 1056 1150 und
1078 1085 1264 1152 verbunden
1286 1087 1345 1152 mit
1366 1087 1427 1154 den

278 1188 493 1256 kamirischcu
508 1189 629 1271 Feigen
651 1187 694 1271 (u.
711 1186 766 1270 25)
783 1185 841 1252 auf
853 1185 1065 1262 Vorderasien
1080 1179 1269 1254 hinweisen'
1279 1187 1313 1270 ¹).
1344 1187 1428 1268 Quot

278 1289 394 1372 uerba,
424 1297 471 1356 tot
493 1291 630 1357 errores!
677 1287 769 1356 Unde
790 1287 851 1354 scit
873 1287 1100 1372 Hertnbergius
1128 1287 1242 1356 cellam
1263 1290 1427 1373 penariam

280 1393 355 1470 (non
379 1390 451 1458 dico
474 1393 620 1458 horreum
643 1395 774 1475 propter
790 1411 819 1455 u.
837 1392 874 1452 21
893 1394 926 1455 et
946 1391 985 1454 26
1001 1389 1096 1473 sqq),
1118 1391 1151 1455 in
1174 1408 1237 1472 qua
1252 1410 1322 1459 mus
1338 1389 1427 1458 οἰκό-

279 1514 371 1569 σιτος
393 1493 533 1577 habitet‚
563 1497 721 1577 agrestem
744 1491 838 1558 essa?
882 1489 996 1572 Neque
1018 1492 1174 1558 urbanam
1196 1513 1269 1558 eam
1291 1493 1427 1561 Babrius

277 1595 420 1660 nominat
442 1595 601 1662 distinctis
623 1594 740 1676 uerbis,
764 1612 867 1676 neque
890 1599 1064 1677 agrestem
1086 1593 1144 1660 sed
1159 1613 1232 1661 cum
1248 1595 1373 1662 urbana
1386 1597 1428 1662 sit

278 1697 351 1762 Aes.
363 1697 402 1764 H.
418 1701 489 1780 297,
511 1697 586 1764 Hor.
601 1696 668 1762 Sat.
680 1696 720 1778 ΙΙ,
735 1698 763 1779 6,
775 1698 814 1760 80
827 1713 907 1778 sqq,
923 1695 1047 1761 Romul.
1058 1695 1083 1778 Ι,
1100 1698 1136 1758 12
1151 1694 1341 1763 =Phaedr.
1354 1717 1425 1782 app.

277 1800 319 1882 Π,
336 1802 354 1864 8
370 1799 538 1882 Dressleri,
562 1797 686 1863 Dosith.
702 1818 733 1880 p.
750 1799 787 1860 37
805 1795 924 1862 Boeck.
947 1796 1035 1862 haud
1058 1796 1153 1862 dubie
1172 1797 1260 1882 apud
1274 1799 1426 1865 Babriurn

278 1921 404 1984 quoque
426 1902 581 1966 urbanam
604 1917 675 1965 esse
703 1897 900 1982 probabilius
926 1903 984 1962 est.
1028 1897 1155 1964 Deinde
1177 1898 1336 1983 quomodo
1358 1902 1426 1985 pal·

276 2004 380 2067 mulas
408 2003 491 2068 inter
516 1996 639 2084 ‘copias
667 1991 761 2066 uiles'
793 1999 910 2066 referre
938 2005 1060 2084 potest,
1089 2021 1160 2066 cunr
1191 2000 1324 2067 Rubrius
1352 2005 1425 2068 οἳ

276 2103 309 2167 in
337 2107 488 2184 ταμείοις
511 2102 706 2166 πλουσίοιοι
733 2119 788 2167 eas
811 2101 907 2167 luisse
930 2101 1039 2168 dicat?
1083 2101 1120 2166 In
1141 2121 1227 2186 penu
1249 2107 1355 2168 autern
1379 2103 1424 2167 di-

277 2203 351 2268 uitis
373 2202 511 2270 hominis
526 2202 642 2269 Graeci
662 2204 715 2270 uel
737 2202 811 2268 Itali
833 2202 996 2287 palmulae
1019 2203 1165 2284 quamuis
1186 2209 1338 2270 externae
1354 2223 1425 2270 csse

276 2304 474 2390 poterant²);
499 2325 692 2390 quamquam
714 2304 747 2369 in
770 2303 960 2385 quibusdam
977 2302 1133 2370 Graeciae
1152 2304 1249 2370 etiam
1265 2311 1296 2371 et
1310 2306 1425 2373 Italiae
1552 2311 1553 2324 ¹

276 2406 459 2490 regionibus
481 2407 607 2490 palmas
621 2406 756 2473 inueniri
772 2413 905 2488 constat,
929 2407 967 2472 cf.
984 2404 1078 2471 Hehn
1094 2404 1144 2471 ed.
1157 2406 1187 2471 ll
1202 2425 1231 2489 p.
1245 2409 1422 2474 232-238.

276 2508 366 2573 Nihil
393 2507 490 2590 igitur·
512 2509 714 2590 consequitur
736 2529 777 2575 ex
798 2507 950 2593 palmulis
976 2507 1239 2574 commemoratis.
1283 2507 1423 2574 Nobilis-

276 2610 375 2676 simas
397 2616 504 2676 autem
526 2610 605 2677 ficus
627 2610 812 2676 (lamiraeas
834 2605 1073 2690 (Rhodiacusli)
1097 2627 1153 2674 our
1173 2607 1205 2672 in
1221 2609 1300 2676 Asia
1322 2610 1425 2692 magis

276 2717 368 2778 notas
390 2713 488 2780 fuisse
510 2718 674 2797 putemus,
704 2731 799 2796 quarn
829 2711 861 2775 in
884 2707 1021 2775 Graecia
1042 2708 1114 2792 ipsa
1136 2718 1168 2775 et
1190 2710 1297 2792 ltalia,
1327 2710 1424 2795 plane

275 2815 364 2880 nulla
386 2821 434 2882 est
456 2835 563 2896 causa,
586 2835 659 2878 nam
676 2812 793 2878 Rhodii
814 2819 1006 2878 mercatores
1028 2811 1238 2878 strenuissimi
1261 2813 1293 2876 in
1315 2833 1424 2880 omnes

275 2917 341 2983 fere
371 2923 472 2984 terras
493 2917 580 2982 'mari
610 2913 715 2981 medio
745 2913 931 2981 adiacentes
960 2933 1082 2980 merces
1104 2933 1178 2979 suas
1201 2915 1422 2998 exportabant.

277 3016 342 3082 Sed
364 3018 429 3082 iam
452 3017 594 3100 sequitur
616 3020 836 3100 argumentum
864 3015 1088 3098 grauissimum
1113 3015 1221 3080 multis
1243 3015 1423 3082 hominibus
1550 3027 1551 3032 ’

276 3117 378 3185 doctis
400 3119 580 3204 probatum,
603 3116 689 3198 quod
711 3136 741 3200 p.
761 3121 820 3182 185
843 3117 968 3202 plenius
991 3137 1087 3200 quam
1110 3116 1220 3182 Fixius
1242 3116 1294 3182 his
1315 3117 1423 3184 uerbis

275 3218 502 3302 Hertzbergius
525 3219 697 3304 expressit:
716 3207 821 3285 ‘Mehr
841 3220 928 3302 aber,
952 3221 1001 3285 als
1022 3217 1112 3284 Alles
1134 3217 1202 3284 dies
1225 3218 1346 3303 spricht
1368 3219 1423 3283 da·

275 3322 326 3387 llir
353 3321 411 3388 des
433 3321 582 3387 Dichtcrs
603 3319 791 3386 Aulcnthalt
813 3319 865 3388 bei
886 3321 948 3385 den
970 3310 1131 3386 Arabern'
1158 3354 1198 3364 —
1222 3337 1305 3400 quae
1328 3339 1424 3404 supra

274 3422 412 3490 resutaui
428 3459 469 3468 -
481 3416 560 3487 ‘und
576 3420 633 3487 der
647 3422 705 3488 auf
716 3441 839 3502 genaue
855 3421 1027 3488 Kenntniss
1043 3421 1149 3488 dieses
1165 3420 1423 3504 betrttgeriscben

274 3559 479 3571 ,-,...-.

362 3646 386 3707 1)
404 3640 479 3695 Haec
497 3639 588 3694 Keller
605 3657 630 3710 p.
649 3643 697 3694 387
717 3639 860 3695 uerbosius
878 3642 909 3694 ut
925 3640 995 3694 solet
1012 3637 1128 3708 repetiit.

360 3729 386 3792 Ι)
404 3725 567 3794 Hermippus
585 3723 613 3778 in
631 3725 841 3794 Phormophoris
863 3723 896 3778 fr.
908 3729 938 3778 61
958 3729 994 3793 (p.
1014 3726 1070 3788 149)
1089 3721 1166 3776 dicit:
1186 3726 1299 3787 Φοινίκη
1316 3719 1425 3790 καρπὸν

275 3815 395 3879 φοίνικος
405 3805 491 3882 [δοῦρ’
503 3806 594 3882 ἤγαγε]
605 3815 632 3863 et
641 3809 747 3864 celeber
758 3813 818 3864 erat
827 3809 897 3862 alvos
912 3813 1043 3879 φοινίκιοε
1051 3807 1161 3872 (Athen.
1168 3807 1189 3870 Ι,
1197 3810 1239 3872 ⁸29,
1247 3810 1270 3872 8,
1282 3804 1423 3859 Archestr.

274 3894 369 3960 fragm.
381 3909 435 3948 rec.
443 3895 486 3948 W.
497 3893 628 3950 Ribbeck.
639 3911 666 3962 p.
677 3897 729 3960 20).
754 3895 787 3947 In
798 3894 892 3948 fabula
904 3907 974 3961 quac
985 3908 1039 3948 non
1051 3891 1121 3947 redit
1130 3891 1165 3944 ad
1175 3890 1303 3944 Rubrium
1313 3888 1348 3944 Η.
1359 3893 1423 3944 37οι

275 3976 377 4046 ποιμὴν
387 4017 393 4031 .
404 4015 410 4031 .
421 4018 427 4030 .
438 3975 565 4050 ἑωρακώς
581 3977 757 4050 γαληνιῶσαν
774 3979 825 4044 τὴν
843 3974 990 4030 θάλατταν
1000 4016 1006 4030 .
1017 4015 1023 4029 .
1036 3979 1185 4047 ,φοινίκων
1200 3973 1334 4043 βαλάνους
1346 3969 1424 4046 apto}-
1546 4043 1547 4046 Ἴ

274 4080 352 4130 μενος
369 4059 486 4130 ἀνήχθη.

360 4151 386 4214 3)
404 4147 472 4201 Prin.
482 4163 508 4200 11.
518 4148 544 4201 h.
555 4147 629 4214 XIII,
641 4152 656 4203 8
666 4151 719 4214 (18)
730 4148 745 4215 ξ
756 4151 796 4201 59.
823 4147 923 4201 Athen.
934 4146 981 4212 ΙΙΙ,
993 4151 1034 4213 lb,
1045 4149 1084 4200 80.
