3118 4870
595 402 628 458 de
645 402 740 458 Babrii
757 407 855 458 aetate.
1240 406 1301 467 223

149 571 273 641 Plinius
291 595 321 639 n.
338 573 369 640 h.
385 573 426 656 X,
443 577 521 638 204:
541 567 712 654 ‘dissident
728 625 735 640 .
752 623 760 640 .
778 625 784 641 .
802 573 930 656 aquilae
949 581 981 642 et
1003 577 1164 661 trochilus,
1186 578 1214 645 si
1237 599 1303 646 cre-

151 673 256 741 dimus
279 673 430 758 quoniam
452 695 510 742 rex
531 676 714 759 appellatur
736 667 861 744 auium?
903 675 978 742 Alia
998 676 1089 744 dabit
1112 679 1303 748 Gubernatis

150 777 273 858 zoolog.
289 775 423 861 mythol.
439 777 471 842 Π
485 798 517 861 p.
534 779 605 842 208.

237 877 330 944 Bodl.
347 880 386 942 23
402 877 455 960 (H.
472 881 522 944 92.
545 878 579 944 O.
596 881 672 961 3073
695 877 902 962 paraphrasis
924 878 1071 945 Parisina
1090 880 1124 947 O.
1141 902 1171 966 p.
1188 881 1266 965 403)
1279 881 1303 964 ¹)

150 979 294 1062 agricola
314 978 458 1059 aquilam
479 984 615 1064 captam,
638 978 904 1063 pulchritudinem
927 980 995 1045 eius
1017 981 1202 1064 admiratus,
1225 983 1303 1050 libe·

149 1100 220 1146 ram
242 1079 388 1162 dimittit,
413 1080 522 1162 aquila
544 1078 690 1146 beneficii
714 1100 835 1146 memor
857 1081 916 1146 sub
939 1101 1028 1148 muro
1047 1081 1176 1164 putrido
1191 1083 1304 1150 seden-

150 1187 216 1249 tem
238 1201 310 1253 eum
333 1179 446 1248 uidens
467 1180 587 1247 fascem
609 1201 630 1246 a
651 1181 756 1264 capite
779 1181 847 1248 eius
872 1181 1040 1266 abreptum
1069 1183 1188 1266 aufert,
1219 1184 1302 1251 exci-

150 1286 236 1348 tatus
258 1281 313 1348 ille
335 1282 535 1364 persequitur
557 1300 667 1364 auem,
698 1299 781 1362 quae
803 1281 912 1348 statim
932 1282 1088 1367 praedam
1112 1282 1224 1367 deicit,
1253 1305 1304 1351 re-

150 1401 325 1464 uersusque
346 1383 502 1467 parietem
525 1384 701 1466 collapsum
721 1382 853 1448 inuenit.
888 1383 964 1450 Alia
985 1383 1099 1451 similis
1124 1385 1304 1468 argumenti

150 1485 263 1550 fabula
279 1491 385 1549 exstat
399 1485 512 1550 Neuel.
528 1507 560 1568 p.
577 1488 637 1549 344
661 1480 837 1566 (Aphthou.
853 1483 874 1548 f.
891 1487 942 1567 28,
965 1484 997 1550 0.
1014 1507 1044 1571 p.
1061 1489 1133 1568 303,
1156 1485 1195 1551 H.
1214 1485 1304 1571 120):

151 1585 293 1666 agricola
316 1585 458 1665 aquilam
481 1588 629 1670 serpente
653 1583 923 1668 circumplicatam
950 1583 1079 1669 liberat,
1111 1587 1211 1652 iratus
1239 1606 1302 1654 ser-

151 1705 231 1770 pens
246 1705 403 1752 uenenum
425 1683 567 1750 immittit
587 1686 620 1750 in
642 1690 752 1768 potum
775 1685 852 1767 eius,
875 1683 934 1752 sed
956 1673 1094 1754 bibitlrro
1116 1687 1226 1768 aquila
1247 1686 1302 1752 ad-

150 1789 265 1855 uolans
280 1807 298 1852 e
314 1786 459 1852 manibus
475 1786 607 1852 calicem
623 1786 752 1853 decutit.
786 1785 879 1852 Hanc
895 1788 1028 1852 formam
1051 1789 1197 1870 quamuis
1220 1789 1302 1855 lace-

150 1909 219 1955 ram
241 1887 448 1954 uetustiorem
472 1906 543 1954 esse
568 1887 735 1970 magisque
761 1887 949 1975 popularem
975 1887 1144 1972 probabile
1174 1896 1223 1955 est
1250 1889 1303 1956 uel

150 1994 280 2074 propter
301 1987 442 2071 aquilam
467 2009 538 2054 curn
561 1995 708 2074 serpente
726 1992 938 2072 pugnantem:
961 1990 1000 2056 cf.
1016 1987 1147 2056 Aristot.
1162 1989 1235 2056 hist.
1251 2010 1302 2056 an.

150 2091 207 2174 IX,
227 2096 274 2156 10.
304 2089 385 2155 Plin.
405 2111 434 2156 n.
451 2088 481 2156 h.
497 2090 539 2173 X,
557 2093 605 2154 17.
635 2089 749 2156 Athen.
772 2089 829 2171 IX,
846 2093 917 2156 393.
947 2089 1018 2156 Α11.
1039 2095 1105 2157 nat.
1128 2112 1179 2157 an.
1195 2091 1236 2175 ll,
1252 2095 1302 2157 26.

150 2192 197 2274 X,
217 2195 271 2274 14;
299 2189 379 2256 Plin.
402 2213 432 2257 n.
456 2191 486 2256 h.
506 2191 640 2274 XXXV,
663 2195 703 2256 28
732 2189 855 2274 (aquila
884 2190 1055 2258 draconem
1086 2193 1255 2277 complexa
1283 2215 1304 2259 a

150 2291 341 2360 Philochare
363 2289 480 2376 picta);
509 2292 665 2376 Stephani
687 2291 809 2376 Gompt.
831 2290 918 2358 rend.
941 2295 1030 2376 1865,
1053 2313 1083 2377 p.
1101 2297 1141 2357 99
1166 2293 1220 2376 (de
1243 2297 1303 2362 fre·

151 2391 366 2475 quentissimis
382 2392 513 2475 picturis
535 2391 722 2458 uasculariis
743 2391 943 2474 nummisque
965 2392 1079 2458 similis
1101 2395 1303 2479 argumenti).

151 2493 218 2562 Sed
234 2491 405 2558 discrimen
420 2491 507 2574 facit,
526 2491 612 2572 quod
628 2490 742 2556 eadem
756 2490 896 2556 narratio
910 2493 1007 2575 plane
1021 2494 1146 2578 integra
1162 2513 1202 2560 ex
1217 2495 1304 2564 fonte

150 2591 370 2672 Alexandrino
392 2591 509 2658 hausta
531 2597 637 2658 exstat
658 2589 745 2675 apud
759 2590 928 2655 Aelianum
951 2597 1015 2658 nat.
1031 2611 1083 2657 an.
1098 2595 1200 2680 XVII,
1216 2602 1256 2662 37
1268 2597 1304 2681 ²),

151 2696 240 2763 ouius
261 2694 295 2760 in
316 2692 379 2760 fine
401 2693 482 2759 haec
503 2699 591 2760 sunt:
614 2696 721 2777 Λέγει
736 2691 772 2756 δὲ
787 2687 922 2777 Κράτης
944 2685 961 2754 ὁ
979 2691 1197 2779 Περγαμηνὸς
1219 2691 1303 2782 ὑπὲρ

150 2795 277 2862 τούτων
299 2796 353 2859 καὶ
379 2792 437 2859 τὸν
459 2798 660 2881 Στησίχορον
687 2787 780 2880 ᾅδειν
810 2790 844 2858 ἕν
873 2817 940 2857 τινι
970 2790 1136 2878 ποιήματι
1165 2787 1223 2859 οὐκ
1251 2793 1303 2860 ἐκ·

152 2895 353 2986 posquam
373 2920 441 2960 που
465 2894 513 2972 εἰς
534 2893 681 2972 πολλούς
702 2896 770 2960 κτλ.
800 2896 850 2977 (fr.
869 2897 910 2958 66
932 2893 1049 2977 Bergk.
1071 2894 1147 2978 lyrr.
1167 2914 1199 2979 p.
1215 2897 1302 2981 992).

152 2999 211 3066 Cui
232 2998 431 3081 testimonio,
464 3017 526 3080 quo
549 3015 645 3078 quam
667 3003 760 3064 uetus
781 2996 863 3062 haec
884 2995 1025 3062 fabellae
1047 2996 1089 3062 sit
1109 2996 1213 3062 forma
1233 3017 1302 3080 per-

151 3100 291 3186 spicitur,
308 3120 363 3166 cur
377 3099 474 3166 fidem
490 3096 680 3183 derogemus
696 3117 767 3164 cum
778 3096 948 3164 Welckero
963 3097 1007 3163 kl.
1020 3096 1124 3163 Schrr.
1137 3099 1153 3163 Ι
1167 3119 1198 3182 p.
1211 3097 1304 3183 213³)

152 3209 183 3270 et
198 3201 408 3285 Bernhardyo
424 3201 444 3266 l.
457 3219 482 3265 s.
495 3219 564 3284 sp.
578 3202 638 3264 786
654 3204 733 3266 extr.
755 3219 819 3266 uon
841 3197 1003 3278 intellego,
1025 3199 1213 3282 praesertim
1231 3219 1302 3267 cum

151 3304 250 3371 etiam
265 3301 350 3367 aliae
373 3300 456 3367 duae
478 3299 588 3366 Babrii
610 3301 740 3366 fabulae
761 3298 815 3382 (cf.
831 3299 924 3366 huius
939 3297 1165 3382 disputationis
1178 3319 1209 3383 p.
1226 3297 1302 3382 141)

239 3458 263 3519 1)
280 3451 357 3506 Bodl.
376 3453 404 3504 11
419 3449 506 3503 Paris.
525 3449 560 3503 ad
577 3449 692 3504 eundem
710 3450 887 3519 archetypum
903 3448 1029 3504 uidentur
1046 3448 1143 3503 redire.

237 3542 263 3603 1)
281 3536 326 3590 Ex
343 3534 457 3589 Aeliano
474 3547 534 3588 eam
551 3533 692 3602 repetiisse
709 3533 817 3588 uidetur
835 3533 948 3588 Tzetzes
962 3532 1029 3588 cuir.
1039 3532 1086 3600 tv,
1097 3535 1146 3588 3111
1156 3547 1212 3600 sqq.
1231 3533 1303 3588 sicut

151 3623 206 3678 alia
230 3621 330 3675 multa:
356 3633 440 3688 qnare
457 3617 560 3672 nullum
578 3617 662 3673 habet
678 3622 856 3684 momentum,
878 3617 951 3685 quod
968 3616 1116 3672 Stesichori
1133 3630 1230 3670 nomen
1247 3632 1303 3672 non

151 3707 237 3762 addit.
280 3703 363 3775 Apud
383 3703 526 3757 helianum
555 3702 627 3771 quod
655 3718 706 3772 pro
735 3701 858 3756 codicum
879 3697 1014 3754 ἀὼῶντιε
1035 3699 1163 3754 Reiskius
1187 3699 1303 3756 coniecit

152 3787 277 3860 ἆμῶντες
294 3805 327 3844 eo
345 3786 520 3843 confirmatur
537 3786 610 3854 quod
628 3785 741 3841 Taetacs
758 3802 785 3839 u.
796 3788 845 3839 ³02
863 3781 998 3856 θεριστὴν
1015 3781 1106 3837 habet.

238 3876 265 3940 3)
282 3873 371 3928 Dicite
389 3866 444 3925 ‘Sia
460 3869 497 3924 ist
513 3869 566 3925 viel
582 3886 617 3924 zu
630 3869 746 3938 gesucht
756 3868 813 3922 und
825 3866 979 3936 gelrttnstelt
988 3904 1011 3919 ..
1022 3904 1028 3918 .
1038 3881 1084 3918 um
1095 3865 1171 3919 nicht
1183 3865 1303 3934 segleich

152 3956 292 4016 Verdacht
309 3957 357 4012 der
374 3954 556 4011 Untchtheit.
569 3995 575 4009 .
587 3995 593 4009 .
603 3970 638 4008 zu
655 3947 793 4021 schopfen'
813 3981 847 3990 -
865 3956 894 4004 at
911 3953 1019 4019 praeter
1040 3949 1218 4017 sophisticam
1235 3966 1299 4006 nar·
1324 3998 1326 4002 .

152 4041 232 4098 randi
243 4040 385 4106 rationem,
398 4055 466 4110 quae
478 4037 591 4094 Aeliano
604 4036 725 4101 dcbetm,
737 4033 877 4088 artificiosi
887 4033 955 4088 nihil
966 4033 994 4086 in
1008 4046 1040 4087 ea
1051 4032 1177 4100 reperies.
1207 4035 1302 4104 Neque

152 4127 275 4196 ipsorum
287 4125 394 4180 Aeliani
411 4124 455 4178 uel
468 4121 584 4179 Cratetis
601 4120 681 4176 tidem
697 4120 757 4174 iure
773 4119 803 4172 in
820 4117 1001 4187 suspicionem
1013 4130 1074 4171 cnm
1085 4131 1200 4174 uocasse
1212 4117 1302 4173 credo.

1048 4218 1097 4271 tt*
