3118 4870
583 419 616 472 de
634 419 728 486 Rubrii
745 423 843 474 aetate.
1229 417 1291 479 233

344 585 361 652 ὃ
386 587 422 652 δὲ
441 582 668 677 χοιροτέχνρμ>
695 585 740 666 ὥς
763 589 846 656 θεὸν
868 591 1100 679 καθιδρύσωνε

142 689 258 772 quibus
280 691 377 774 plane
400 689 518 756 similia
539 691 595 756 uix
616 691 760 758 inuenies
786 691 847 758 nisi
876 693 962 776 apud
991 693 1161 778 scriptores
1191 699 1290 765 eoele-

140 791 287 856 siastioos
310 797 342 856 et
366 791 539 858 admodum
561 798 713 860 recentes.
757 795 871 878 Neque
893 794 1064 879 religiones
1088 795 1183 864 modo
1211 798 1291 866 anti-

141 911 221 976 quas
243 893 379 976 spreuit,
408 893 465 960 sed
492 895 619 978 mythos
648 895 745 960 etium
773 895 902 962 inutiles
933 916 1004 962 esse
1033 897 1199 981 profitetur
1226 901 1290 968 fab.

141 1000 189 1077 15,
207 998 224 1058 3
242 1013 304 1076 sq„
342 1077 425 1164 ῥέων
449 1071 481 1144 δ’
508 1074 524 1144 ὁ
549 1083 660 1161 μῦθος
681 1065 767 1166 ἦλθε
788 1084 902 1167 μέχρις
923 1077 1054 1168 ἡρώων·

342 1178 448 1268 μακρὴ
472 1180 532 1264 μὲν
555 1176 663 1258 ἄλλως
686 1182 780 1268 ῥῆσις
803 1174 875 1246 obo'
902 1176 1061 1271 ἀναγκαίη
1079 1235 1086 1249 .
1104 1233 1137 1250 ..

139 1297 224 1378 Quid
245 1299 341 1380 igitur
362 1299 476 1366 mirum
500 1301 585 1381 quod
608 1322 679 1367 oum
694 1301 790 1366 Terei
811 1305 878 1368 tum
901 1301 1069 1369 Pandorae
1091 1303 1233 1373 fabulam
1250 1342 1290 1350 -

140 1400 300 1483 siquidem
326 1407 410 1466 reete
441 1420 537 1486 supra
564 1401 727 1486 disputaui
749 1423 869 1487 -pro
898 1402 983 1469 uirili
1010 1411 1101 1488 parte
1129 1407 1291 1492 eorrupit?

138 1501 223 1583 Quid
237 1502 351 1568 mirum
367 1502 453 1585 quod
469 1502 531 1587 dei,
555 1523 634 1585 quos
648 1505 682 1569 in
697 1506 784 1572 fonte
798 1525 856 1572 suo
877 1503 1052 1590 inuenerat,
1075 1506 1152 1587 quid
1173 1508 1206 1572 in
1228 1508 1290 1574 sin-

137 1605 223 1688 gulis
238 1597 433 1688 urgumentis
448 1605 511 1669 sibi
526 1606 647 1671 uellent
668 1627 732 1672 non
755 1624 882 1690 semper
903 1606 980 1672 satis
1002 1613 1088 1672 reete
1110 1607 1290 1674 intellexit?

137 1707 234 1772 Velut
249 1707 282 1771 in
297 1706 360 1772 fab.
378 1707 570 1790 relegimus
587 1707 767 1791 bubulcum,
790 1727 861 1774 oum
875 1707 908 1772 in
923 1712 1027 1773 terroe
1047 1707 1170 1773 hiatum
1192 1709 1291 1776 raeda

138 1806 319 1889 decidisset,
343 1815 521 1876 oessuntem
544 1809 670 1876 stetisse
692 1815 788 1892 atque
812 1809 942 1874 Herculi
963 1809 1171 1894 suppliousse,

648 1923 687 1992 ὃν
709 1925 811 2009 μόνον
833 1925 970 1992 πάντων

341 2029 432 2092 θεῶν
457 2019 815 2115 ἇληθοῦςντροσεκύνει
836 2051 872 2092 τε
893 2021 1027 2110 κᾶνίμα.

138 2145 228 2210 Ηοοο
250 2143 315 2211 iam
336 2145 470 2211 Photius
500 2147 599 2212 habet
620 2168 650 2231 p.
675 2150 735 2212 860
758 2147 890 2234 ipseque
912 2147 1023 2214 Naber
1044 2168 1075 2231 p.
1096 2149 1157 2212 423
1180 2146 1291 2214 Bubrii

138 2264 209 2325 esse
235 2245 362 2312 disertis
390 2247 498 2312 uerbis
525 2249 691 2332 profitetur
702 2249 742 2331 1),
772 2250 835 2316 nisi
863 2248 949 2332 quod
977 2250 1101 2330 μοῦνον
1130 2248 1291 2316 oonioiens

139 2346 290 2413 dileotum
319 2367 412 2412 suum
442 2347 619 2430 spondeum
648 2351 681 2414 iu
711 2349 854 2430 quintum
884 2349 1000 2432 pedem
1030 2348 1160 2416 induoit.
1212 2350 1290 2428 Quis

138 2452 246 2514 autem
269 2466 388 2530 quaeso
411 2447 552 2512 Graecus
575 2469 716 2530 unquam
744 2449 797 2513 uel
819 2449 980 2515 Romanus
1009 2451 1158 2532 antiquus
1187 2453 1291 2518 solum

137 2548 310 2616 Heroulem
324 2569 382 2631 pro
399 2547 459 2614 deo
476 2548 594 2614 uoluit?
628 2549 717 2614 Haeo
740 2568 760 2613 u
781 2553 877 2632 poeta
891 2547 965 2614 fieta
983 2568 1053 2614 esse
1069 2559 1212 2635 apparet,
1236 2554 1291 2639 qui

138 2670 250 2718 nerum
272 2667 402 2714 oausam
425 2669 480 2714 eur
504 2650 674 2716 Heroulem
696 2650 895 2734 potissimum
917 2648 1053 2715 rustious
1077 2660 1290 2722 uooaretnon

138 2749 354 2818 intellexisset
363 2750 399 2834 ²).
433 2751 523 2830 Quae
544 2751 578 2816 in
601 2771 637 2817 eo
661 2759 710 2818 est
731 2750 845 2837 posita,
870 2750 955 2833 quod
970 2749 1124 2818 Heronles
1140 2772 1220 2818 unus
1242 2762 1291 2821 est

138 2873 179 2920 ex
207 2852 276 2920 deis
307 2855 455 2940 σωτῆρσι
482 2851 590 2936 (Babr.
620 2854 685 2920 fab.
715 2857 770 2934 50,
794 2852 827 2936 3)
860 2854 912 2918 uel
942 2844 1149 2930 ἆλεξνκάκοις
1178 2853 1289 2936 (Arist.

138 2975 209 3024 ran.
228 2957 306 3040 2993
336 2956 441 3021 Plaut.
456 2955 547 3021 Most.
566 2957 625 3019 513
649 2954 738 3038 Lor.;
762 2954 914 3022 Weloker
936 2954 1070 3021 thterl.
1090 2956 1131 3038 Il,
1148 2958 1207 3018 791
1226 2975 1288 3040 sq.;

139 3057 528 3141 Prellerg1·.Mythol.H,
547 3054 685 3138 relsq.)
708 3061 804 3138 atque
825 3056 859 3121 in
881 3056 940 3122 tuli
961 3053 1150 3122 difficultate
1171 3057 1205 3122 in
1227 3077 1291 3142 qua

140 3159 249 3224 Iouem
266 3157 319 3224 uel
334 3158 515 3242 Apollinem
538 3157 656 3223 morari
677 3155 845 3224 ridioulum
868 3162 945 3240 erut,
969 3157 1057 3225 solus
1079 3160 1147 3224 fere
1170 3159 1289 3225 auxilio

139 3259 247 3324 uooari
263 3264 391 3343 poterat
411 3265 522 3342 utpote
545 3257 624 3324 deus
646 3258 781 3324 rustious
804 3258 1056 3342 rusticorumque
1078 3256 1130 3342 (of.
1146 3261 1290 3342 Mueller,
1358 3324 1360 3328 .

139 3359 266 3426 Handb.
283 3363 303 3442 ξ
318 3366 391 3444 411,
409 3367 442 3440 53
466 3359 503 3426 Ο.
519 3359 614 3441 Jahn,
636 3359 722 3426 ureh.
738 3359 836 3428 Beitr.
856 3382 887 3446 p.
904 3364 959 3444 623
982 3360 1160 3444 Froehner‚
1184 3361 1289 3428 notioe

226 3565 249 3624 1)
267 3559 399 3614 Nimirum
412 3563 444 3614 ut
454 3558 585 3614 Butrium
597 3563 716 3614 ueterem
727 3563 837 3629 postem
849 3575 908 3616 esse
921 3559 1120 3616 demonstraret
1131 3574 1164 3614 ex
1177 3559 1288 3630 antiquo

138 3644 213 3700 fonte
230 3644 357 3699 Photium
381 3645 505 3699 hausisse
527 3643 644 3698 debebat
669 3645 844 3713 contendere,
869 3645 916 3700 sed
934 3660 984 3700 suo
1002 3659 1032 3700 se
1048 3646 1147 3715 laqueo
1164 3644 1289 3699 irretiuit.
1408 3669 1410 3672 ·

225 3733 251 3795 2)
268 3729 379 3784 Poetem
396 3729 542 3784 Herculem
566 3744 581 3782 e
603 3728 680 3784 fonte
704 3745 753 3784 suo
777 3729 976 3799 deprompsisse
1000 3744 1135 3798 cumpro
1159 3729 1289 3784 uniuersa

138 3815 197 3870 eius
221 3819 280 3868 erte
301 3815 442 3884 probabile
465 3817 518 3880 est,
544 3818 602 3868 tum
622 3814 796 3869 confirmetur
813 3813 925 3869 Zenobii
942 3813 1034 3868 uerbis
1051 3814 1085 3876 V,
1102 3818 1135 3869 93
1153 3829 1169 3869 e
1186 3814 1287 3868 Bebrio

138 3915 192 3954 non
210 3899 316 3954 haustis
333 3899 379 3964 (cf.
390 3917 416 3968 p.
428 3903 477 3953 237
493 3899 555 3952 adn.
566 3903 604 3962 Sl:
623 3899 727 3971 εἴρηται
744 3896 775 3951 δὲ
790 3896 847 3952 ἀπὸ
864 3895 1006 3963 ὀνηλάτοο,
1024 3885 1056 3950 οὗ
1073 3893 1088 3951 ὁ
1105 3900 1156 3966 μὲν
1173 3894 1236 3951 ὄνος
1253 3899 1289 3950 εἰς

137 3983 227 4050 πηλὸν
251 3979 417 4038 ἐπεπτώκει·
442 3978 457 4036 ὁ
480 3979 511 4036 δὲ
534 3979 597 4036 δέον
618 3983 736 4051 βοηθεῖν
760 3980 916 4035 ἐπεκαὶοῖτο
939 3981 989 4035 τὸν
1005 3977 1137 4054 Ἡρακλέα
1159 3983 1217 4048 (ubi
1240 3986 1290 4038 aut

137 4069 205 4123 miro
228 4083 295 4124 casu
316 4069 437 4123 trimeter
458 4068 516 4123 fere
537 4067 641 4135 integer
663 4063 725 4118 δέον
747 4066 864 4135 βοηθεῖν
887 4065 943 4120 κτλ.
964 4068 1032 4132 [dele
1048 4064 1108 4131 τὸν]
1126 4067 1224 4137 legitur
1241 4072 1289 4122 uut

138 4151 233 4207 fabule
249 4154 345 4208 iambis
363 4153 427 4208 olim
444 4153 497 4208 fuit
513 4152 627 4219 inclusa,
646 4150 680 4206 cf.
691 4150 792 4206 Eberh.
802 4168 829 4221 p.
840 4156 891 4219 95).
