3118 4870
531 432 534 436 ,
605 347 638 402 de
656 347 750 402 Babrii
767 349 864 404 aetate.
1240 351 1314 412 243.

151 525 233 586 uem
248 517 440 585 recentiores
454 519 521 585 fere
535 539 646 587 omues
668 558 707 566 -
731 521 895 590 Knoclnius
917 543 946 607 p.
966 525 1023 606 333
1045 523 1159 590 Kerlcr
1175 543 1206 607 p.
1224 529 1302 609 2093

151 620 281 686 Lachm.
304 641 336 705 p.
356 615 404 706 X3
434 621 609 689 Teuffclius
631 623 651 704 ξ
673 625 751 704 360,
777 629 813 689 10
836 659 878 668 -
900 624 1026 690 fabulas
1048 625 1182 691 uertisse
1211 633 1300 710 puta-

151 727 274 803 uerunt,
297 723 493 807 argumentis
515 744 578 790 non
600 723 770 810 propositis
792 725 1014 810 Oannegictcri
1035 747 1066 810 p.
1084 729 1145 789 275
1168 728 1301 794 auctori-

152 828 251 888 tatem
266 823 367 890 secuti
378 822 411 906 ¹).
448 823 541 902 Quod
559 826 586 892 si
604 847 715 893 uerum
739 832 823 895 esset
846 831 1040 910 certumque,
1063 833 1170 894 tamen
1192 834 1302 896 contm

151 924 363 990 coniecturam
387 932 527 994 nostram
550 947 612 995 non
639 929 763 996 ualeret
783 917 825 975 ‘-
847 934 882 995 ut
904 929 1127 994 Lachmannus
1156 929 1303 1011 opinatur

150 1047 181 1110 p.
203 1025 235 1090 X
257 1049 314 1111 —3
345 1027 490 1094 Titianus
512 1030 597 1096 enim
620 1037 652 1096 et
679 1029 749 1115 ipse
777 1030 916 1114 priorem
945 1028 1118 1096 editionem
1147 1029 1302 1096 adhibere

150 1127 254 1212 potuit
269 1147 372 1210 neque
394 1129 565 1211 quicquam
587 1132 693 1198 obstat
715 1131 882 1215 quominus
904 1131 971 1198 iere
994 1129 1036 1195 ad
1051 1129 1229 1196 Alexandri
1250 1151 1301 1196 us-

151 1247 213 1308 que
229 1235 373 1313 tempora
389 1249 461 1296 eum
476 1231 597 1298 uixisse
611 1239 760 1317 putemus
778 1232 868 1315 (nam
884 1253 924 1298 ex
941 1231 1065 1299 Sidonii
1080 1232 1186 1297 uerbis
1202 1231 1301 1316 ipsius
1330 1315 1336 1326 ·

149 1329 319 1396 Frontonis
338 1329 529 1414 discipulum
551 1353 623 1399 eum
645 1332 743 1398 fuisse
765 1334 911 1399 concludi
932 1334 988 1399 uix
1009 1331 1138 1417 potest).
1173 1331 1238 1399 Sed
1260 1355 1301 1400 ne

151 1431 363 1514 Oannegieter
389 1433 517 1514 quidem
540 1439 726 1514 argumento
749 1452 824 1500 usus
848 1440 896 1500 est
917 1434 978 1500 nisi
1000 1433 1060 1499 hoc
1082 1455 1145 1500 unc
1168 1433 1245 1500 exili
1269 1440 1301 1501 ct

149 1531 238 1598 inani
259 1552 290 1615 p.
311 1537 388 1598 275:
415 1528 480 1598 ‘Ad
503 1534 587 1600 huno
607 1535 724 1600 Iulium
746 1535 906 1600 Titianum
937 1539 1061 1618 patrem
1089 1541 1245 1618 recator,
1274 1535 1302 1602 is

151 1633 234 1700 enim
259 1639 322 1718 est,
352 1634 393 1699 de
416 1652 477 1715 quo
581 1634 768 1720 dicendum,
796 1635 882 1719 quod
910 1636 966 1700 ille
994 1636 1120 1701 fabulas
1143 1637 1301 1720 Aesopias

150 1735 287 1818 scripsit,
310 1755 373 1800 non
396 1755 416 1799 a
438 1754 472 1800 se
495 1736 651 1820 inuentas,
675 1737 732 1804 sed
755 1757 796 1802 ex
819 1737 950 1803 Graecis
970 1787 977 1802 .
996 1787 1027 1802 ..
1048 1754 1218 1802 conuersas
1240 1737 1299 1801 La·
1376 1783 1377 1791 .

150 1835 226 1900 tine.
256 1837 291 1900 ln
308 1855 420 1917 quare
436 1836 555 1902 Titiani
570 1837 663 1904 huius
678 1838 840 1920 ingenium
856 1845 904 1904 est
919 1836 1183 1919 animaduertere,
1207 1857 1301 1925 quem

150 1937 276 2002 simiam
304 1933 464 2002 oratorum
493 1938 658 2022 Sidonius,
690 1939 814 2006 simiam
844 1939 893 2004 sui
922 1938 1073 2022 temporis
1102 1938 1300 2032 Capitolinus

152 2037 408 2120 cognominatum
423 2038 565 2124 tradunt;
591 2040 685 2124 quod,
708 2047 743 2106 ut
757 2041 809 2106 hic
825 2038 924 2121 addit,
944 2044 1057 2105 cuncta
1071 2039 1246 2106 imitaretur
1254 2032 1297 2121 2l?

150 2139 193 2202 At
215 2138 277 2204 hoc
298 2159 414 2205 nomen
428 2141 713 2208 Frontonianorum
736 2141 963 2208 maleuolentia
985 2132 1094 2206 lictum
1118 2159 1187 2206 esse
1208 2139 1299 2208 Sido-

150 2239 221 2304 nius
243 2245 394 2322 testatur,
423 2260 493 2306 cum
515 2241 659 2323 magistri
680 2249 790 2324 partes
811 2243 868 2306 ille
894 2242 1044 2308 deserens
1068 2242 1300 2310 Ciceronem

151 2346 353 2422 sequeretur:
382 2356 486 2419 neque
508 2340 604 2418 igitur
625 2341 699 2406 hino
722 2341 763 2404 de
784 2342 938 2406 fabulis
962 2343 1128 2409 Graecis
1159 2343 1192 2408 in
1214 2345 1299 2410 Lati-

151 2463 227 2507 num
246 2458 423 2505 sermonem
438 2441 598 2506 conuersis
621 2477 662 2486 -
685 2459 767 2522 quae
788 2441 924 2506 imitatio
946 2461 985 2505 nc
1009 2440 1072 2506 dici
1095 2440 1222 2523 quidem
1245 2463 1301 2527 po-

151 2548 212 2608 test
228 2577 269 2586 -
285 2541 455 2623 quicquam
469 2546 574 2626 potest
590 2541 707 2623 colligi.
741 2541 862 2606 Maiore
881 2541 908 2607 si
931 2541 1008 2624 quid
1029 2539 1123 2609 uideo
1146 2543 1214 2607 iure
1236 2543 1300 2609 iam

151 2641 283 2708 Vossius
306 2639 346 2706 de
369 2641 527 2708 historicis
545 2643 614 2708 Lat.
631 2663 698 2726 cap.
715 2643 747 2707 II
767 2663 797 2726 p.
819 2645 876 2706 173
899 2638 964 2724 (ed.
979 2661 1007 2707 a.
1027 2641 1123 2725 1651)
1145 2645 1300 2728 apologos

150 2744 217 2811 filio
239 2742 350 2809 tribuit
360 2742 394 2827 ³),
420 2763 494 2808 nam
517 2743 644 2809 fabulas
666 2745 788 2810 alienas
810 2750 932 2809 uertere
955 2741 1058 2826 magis
1081 2749 1129 2808 est
1150 2763 1300 2828 praecep-

151 2893 322 2950 Constantini
339 2898 490 2961 temporum
508 2898 602 2947 taxare
622 2893 779 2960 collegas..
795 2893 955 2962 .superiora
973 2890 1148 2960 contingam')
1168 2892 1299 2960 efficitur3

148 2983 232 3048 atque
257 2993 318 3032 cum
339 2977 411 3032 inter
427 2977 618 3046 imperatorum
640 2978 780 3046 magistros
798 2977 963 3042 nominetur,
988 2967 1110 3032 Titiaiuus
1128 2977 1218 3032 iunior
1236 2977 1301 3046 quin

151 3065 186 3118 sit
203 3078 258 3117 non
276 3061 378 3116 dubito.

239 3149 263 3210 1)
281 3146 351 3200 Nam
364 3145 462 3211 Keller,
481 3147 526 3213 qui
539 3163 564 3215 p.
576 3150 624 3199 410
639 3146 802 3218 contrariam
815 3146 1007 3214 Cannegietero
1020 3146 1114 3200 tribuit
1129 3145 1300 3209 sententiam,

150 3236 218 3288 libro
239 3233 296 3287 eius
311 3246 366 3284 non
385 3230 493 3284 euoluto
513 3229 626 3284 confusa
640 3231 749 3284 Baehrii
767 3231 948 3300 disputatione
967 3231 1075 3300 (Pauly,
1094 3229 1299 3299 Recl·Encycl.

150 3320 224 3388 IVp.
236 3321 294 3381 496)
309 3316 337 3368 in
350 3329 466 3368 errorem
485 3319 526 3368 est
540 3318 641 3383 raptus.
668 3315 763 3383 Neque
778 3315 918 3370 Kerlerum
937 3316 1090 3370 accuramus
1108 3315 1234 3382 inspexit,
1254 3313 1301 3380 qui

151 3421 177 3472 p.
195 3406 244 3456 208
263 3397 448 3466 Cannegieteri
466 3399 625 3452 sententiam
644 3413 672 3453 se
689 3400 791 3454 referre
809 3401 945 3468 expressis
963 3401 1054 3454 uerbis
1072 3399 1146 3454 dicit.

238 3490 262 3551 2)
281 3483 384 3538 Deinde
408 3483 480 3551 quod
504 3482 571 3536 dicit
594 3499 620 3551 p.
637 3487 686 3537 275
704 3477 784 3538 ‘Huic
802 3490 891 3538 autem
909 3501 1006 3540 nomen
1024 3485 1120 3538 Iulium
1138 3481 1299 3536 discriminis

151 3586 236 3626 causa
250 3575 282 3624 ut
299 3585 316 3624 a
333 3567 388 3622 filio
408 3568 582 3636 dignoscatur
600 3568 720 3623 additum
734 3571 809 3638 puto,
828 3569 900 3638 quod
915 3585 969 3624 uno
984 3573 1088 3622 tantum
1100 3565 1207 3620 nomine
1223 3565 1300 3620 citari

153 3653 446 3722 solent...scriptores
467 3653 547 3707 huius
570 3649 710 3722 temporis'
731 3655 881 3708 sententiae
899 3654 956 3708 eius
975 3669 1030 3707 non
1047 3651 1125 3705 modo
1144 3666 1199 3704 uon
1216 3649 1299 3718 prod·

154 3744 202 3808 est,
221 3739 268 3794 sed
286 3739 363 3794 obest
380 3738 478 3806 potius,
496 3737 603 3792 namin
622 3738 738 3806 epistula
755 3743 782 3791 et
800 3754 824 3791 u.
836 3742 865 3792 81
887 3738 944 3793 solo
959 3736 1066 3789 Titiano
1084 3733 1298 3800 commentitus,

153 3841 179 3880 u.
199 3829 289 3878 antem
314 3827 361 3877 102
384 3837 439 3877 non
458 3822 581 3876 consulto
600 3823 646 3876 sed
664 3827 749 3876 metro
769 3825 882 3889 cogente
899 3821 998 3874 lulium
1016 3817 1166 3874 enm'dicit.
1202 3818 1300 3872 lulium

151 3923 250 3964 ‘nomen
267 3907 366 3977 gentile
383 3907 453 3977 patri
472 3911 499 3961 et
516 3906 571 3960 filio
590 3921 731 3962 commune
749 3905 832 3960 fuisse
851 3909 1058 3959 consentaneum
1077 3905 1126 3957 est.

239 3997 264 4056 3>
282 3991 372 4047 Verba
387 3990 444 4045 eius
458 3991 525 4045 haec
540 3994 614 4045 sunt:
633 3985 807 4044 ‘Alterutrius
822 4003 936 4057 quoque,
950 3987 999 4042 lilii
1011 3992 1086 4056 puto,
1102 3987 1208 4057 apologi
1223 3987 1300 4043 fuere
1343 3997 1345 4002 '

151 4076 274 4130 Ausonio
294 4071 453 4130 memorati'.
