3118 4870
571 417 604 472 de
621 416 715 474 Babrii
732 421 830 472 aetate.
1217 416 1275 479 231

125 608 191 654 non
212 587 374 655 inuenitur
395 593 470 655 ante
491 589 719 676 imperatorum
740 594 880 657 aetatem
893 589 935 674 ¹);
960 607 1154 672 quamquam
1169 587 1278 658 dolen·

126 688 204 754 dum
227 695 275 754 est
298 687 384 771 quod
406 689 589 758 testimonia
610 690 726 776 quibus
747 691 938 758 seutentiam
959 711 1053 759 suam
1080 686 1222 760 firmaret
1247 701 1279 760 et

125 790 301 858 illustraret
316 811 378 858 non
394 789 527 875 addidit,
549 813 624 858 narn
640 791 718 858 mihi
734 791 863 874 quidam
881 791 944 875 duo
967 797 1089 858 tanturn
1112 813 1194 876 quae
1216 793 1279 861 huc

126 897 273 974 spectare
290 891 475 960 uiderentur
489 893 701 976 innotuerunt,
724 913 822 959 unum
836 893 1051 978 inscriptionis
1070 894 1111 960 ab
1127 895 1278 963 Henneno

126 990 191 1057 ind.
214 991 299 1058 arch.
326 995 406 1058 1858
435 1015 466 1060 n.
496 998 555 1060 113
583 1015 614 1079 p.
640 998 699 1059 201
731 993 837 1062 aditae
866 993 930 1078 (uir
951 1047 958 1062 .
976 1045 1007 1061 ..
1029 1015 1143 1081 corpus
1170 997 1279 1065 uxoris

126 1093 300 1178 mortuae):

330 1183 371 1244 ut
392 1199 531 1246 numen
554 1179 657 1245 colit
678 1179 794 1246 anxius
816 1180 982 1265 merentis,

331 1297 461 1362 parcas,
485 1300 559 1362 oro,
582 1280 651 1346 niro
673 1281 784 1364 puella
805 1301 928 1365 parcas,

330 1385 366 1444 ut
386 1381 488 1466 possit
510 1381 570 1447 tibi
591 1381 745 1465 plurimos
766 1401 825 1466 per
846 1401 947 1448 anuos

332 1501 404 1547 cum
426 1481 518 1548 sertis
541 1482 620 1549 dare
641 1483 727 1550 iusta
749 1502 832 1564 quae
855 1483 982 1566 dicauit,

331 1587 370 1649 ct
392 1603 547 1668 semper
569 1585 719 1667 uigilet
740 1585 911 1649 lucerua
932 1584 1070 1667 nardo,

126 1702 261 1768 alterum
276 1701 374 1766 etiam
389 1701 495 1786 aptius
510 1700 607 1768 Orell.
623 1701 717 1768 iuscr.
734 1705 817 1767 4838
832 1700 888 1784 (=
899 1703 1044 1769 Momms.
1059 1704 1083 1769 Ι.
1100 1703 1137 1768 R.
1153 1703 1193 1768 N.
1209 1707 1278 1788 166,

126 1803 250 1869 Ritschl
271 1803 307 1868 P.
329 1804 365 1869 L.
388 1802 430 1868 M.
451 1803 516 1870 tab.
533 1802 651 1888 XCVI,
675 1822 783 1888 opusc.
806 1804 859 1886 IV,
876 1803 968 1886 404):
995 1798 1101 1870 ‘Haue
1124 1803 1278 1894 Septima,

126 1904 167 1970 sit
189 1904 250 1970 tibi
270 1910 356 1970 terra
377 1904 466 1970 leuis.
504 1905 646 1988 Quisque
669 1905 742 1971 huic
758 1904 879 1970 tumulo
894 1907 1016 1988 possuit
1038 1903 1278 1989 ardente<nr>

126 2004 333 2090 lucernam,
348 2005 436 2072 illius
451 2005 575 2072 cineres
590 2026 688 2074 aurea
703 2012 788 2073 terra
802 1998 903 2091 tegat'
909 2032 916 2073 :
933 2026 1066 2089 quorum
1082 2007 1278 2074 testimonio·

126 2126 195 2172 rurn
213 2107 470 2191 supplementum
492 2143 533 2154 -
555 2127 670 2192 nempe
686 2114 781 2190 egent
795 2110 1026 2194 supplemento,
1049 2129 1121 2175 cum
1136 2128 1156 2172 a
1170 2107 1278 2194 lapide

127 2207 299 2290 sepulcrali
313 2214 482 2289 utrumque
501 2208 723 2294 depromptum
745 2210 786 2276 sit
808 2246 849 2257 -
871 2230 892 2275 a
913 2209 1013 2276 nobili
1028 2209 1278 2276 Christianorum

126 2309 187 2374 ritu
210 2313 352 2394 repetere
374 2328 542 2393 possumus
552 2310 588 2391 2).

210 2409 277 2476 Sed
288 2411 388 2476 multo
400 2408 503 2489 magis
515 2409 612 2474 etiam
623 2410 800 2476 sententiae
812 2431 903 2478 meae
915 2412 1153 2494 patrocinantur
1162 2417 1278 2494 poetae

127 2512 227 2597 ipsius
244 2509 284 2575 de
300 2509 350 2575 dis
368 2509 527 2592 rebusque
549 2509 667 2576 diuinis
690 2509 866 2593 opiniones,
889 2531 971 2592 quas
994 2533 1057 2578 non
1080 2510 1175 2578 modo
1198 2511 1278 2577 anti-

128 2631 208 2695 quas
222 2611 395 2696 religiones
411 2609 601 2692 dilabentes,
623 2610 793 2677 sedetiam
812 2630 913 2678 nouas
935 2612 1158 2695 proueniuntes
1181 2613 1278 2695 signi·

127 2713 223 2782 ficare
238 2713 415 2780 uideantur.
451 2713 583 2780 Veteres
599 2711 677 2779 deos
700 2711 879 2796 despicatui
901 2733 974 2779 eum
995 2711 1148 2778 habuisse
1170 2712 1278 2778 multis

127 2814 284 2900 exemplis
306 2814 503 2899 intellegitur
513 2813 547 2898 ³).
586 2813 681 2880 Velut
702 2812 765 2878 lab.
783 2817 823 2878 30
845 2812 994 2898 lapicida,
1018 2812 1071 2896 qui
1094 2817 1199 2878 utrum
1221 2832 1278 2897 pro

216 3053 239 3114 1)
258 3049 337 3104 Certe
355 3049 455 3104 diuersi
472 3048 578 3116 generis
597 3051 662 3103 sunt
679 3045 771 3113 λύχνοι
790 3046 856 3118 ἱεροὶ
873 3048 919 3117 qui
936 3050 1015 3102 erant
1032 3047 1061 3102 iu
1073 3046 1180 3116 templis
1194 3046 1278 3101 Grue-

128 3147 229 3200 corum,
249 3133 282 3187 ol.
292 3132 384 3187 Herm.
395 3131 531 3201 antiquitt.
542 3131 568 3184 11
581 3135 620 3197 19,
634 3135 779 3198 11.24,18.

212 3222 240 3284 2)
257 3218 348 3272 Etiam
357 3215 482 3272 Valerius
495 3215 612 3273 Babrius
624 3229 721 3270 nomeu
734 3217 863 3284 (gentium
875 3217 990 3271 duarum
1002 3216 1111 3271 nomina
1124 3215 1278 3276 coniuncta)

127 3302 198 3357 hanc
215 3306 332 3356 aetatem
348 3301 466 3356 indicat:
485 3300 520 3354 cl.
530 3299 712 3368 Marquardtii
730 3301 906 3370 antiquitates
918 3301 932 3354 l
943 3315 971 3370 p.
981 3304 1022 3355 15.
1054 3299 1107 3355 Sed
1120 3299 1278 3354 coniectura

127 3393 203 3442 utere
220 3387 284 3441 nolo
302 3401 351 3455 pro
369 3391 537 3455 argumento.
1203 3438 1216 3470 0

212 3475 239 3537 ³)
257 3469 424 3540 Quamquam
446 3471 475 3524 in
498 3470 552 3524 hoc
575 3485 673 3539 genero
696 3469 795 3525 nimius
817 3485 852 3524 ne
876 3470 913 3525 sis
939 3483 1109 3539 summopere
1127 3467 1278 3522 cauendum

127 3559 176 3612 est.
212 3554 287 3609 Nihil
305 3554 431 3611 concludi
447 3557 539 3623 potest
557 3570 590 3608 ex
607 3553 708 3610 fabulis
726 3561 757 3610 51
777 3559 805 3610 et
826 3559 888 3620 165,
906 3554 935 3608 in
953 3555 1051 3623 quibus
1071 3547 1216 3623 ψεύσματα
1234 3551 1279 3606 uel

127 3636 237 3706 ἀπάτην
255 3644 282 3693 et
299 3644 467 3710 πανουργλην
485 3638 636 3694 Mercurius
654 3639 682 3694 iu
699 3640 830 3696 mnndum
842 3633 990 3693 inuehit-
1001 3653 1064 3692 nam
1077 3636 1278 3692 uetustissimus

128 3730 168 3780 est
184 3719 279 3797 Ἑρμῆν
296 3721 390 3788 δόλιον,
409 3722 497 3790 quode
515 3724 617 3779 errauit
628 3724 720 3779 Keller
737 3741 764 3794 p.
775 3728 823 3778 391
841 3726 909 3778 extr.
923 3752 965 3789 -,
983 3737 1070 3791 neque
1083 3736 1117 3776 ex
1128 3720 1223 3776 fabula
1235 3725 1277 3786 48,

127 3809 155 3863 in
179 3822 233 3878 qua
255 3807 392 3863 deridetur
412 3807 458 3862 ille
481 3809 686 3864 narratiuncula
706 3809 879 3864 subobscenu
898 3837 931 3846 —
949 3807 1019 3860 tales
1037 3805 1108 3861 enim
1125 3804 1179 3860 ioci
1197 3806 1279 3861 etiam

127 3895 155 3948 in
173 3893 275 3964 optima
293 3897 383 3948 aetate
400 3892 456 3948 ficti
474 3896 539 3947 suut
556 3923 603 3958 -,
625 3893 670 3947 uel
692 3907 725 3948 ex
743 3895 792 3948 162
816 3888 927 3957 δηχθεὶς
944 3887 998 3944 ὑπὸ
1016 3887 1120 3959 ψίλλης
1137 3895 1183 3942 καὶ
1200 3885 1278 3963 Ἡρα-

128 3977 188 4045 κλῆς
206 4009 239 4018 -
257 3993 319 4032 narn
343 3977 461 4032 dubitari
483 3981 574 4046 potest
597 3977 631 4032 do
652 3977 744 4032 uerbis
761 3974 862 4030 ultimis
881 3978 909 4029 et
925 3989 1019 4029 uerum
1037 3975 1197 4030 seutentiam
1215 3990 1278 4045 por·

128 4063 249 4132 spexisse
266 4061 374 4116 uidetur
391 4063 563 4133 cpimythista
581 4069 608 4117 et
619 4059 779 4130 Apostolius
789 4059 848 4126 VII,
861 4062 893 4113 38
903 4063 1075 4128 t-parosm.
1085 4059 1113 4113 Π
1124 4077 1152 4131 p.
1163 4065 1222 4126 101,
1237 4063 1279 4124 11)

127 4143 171 4200 ὅτι
188 4143 219 4200 οὐ
238 4143 280 4198 δεῖ
297 4140 342 4200 ἐπ’
363 4144 515 4211 ἐλαχίστων
531 4148 583 4200 τοῦ
600 4147 680 4199 θείου
698 4141 810 4197 δεῖσθαι
828 4141 885 4196 κτλ.
