3118 4870
564 409 596 463 dc
613 408 707 463 Babrii
725 409 841 485 aetate.)
1209 403 1270 466 229

123 579 180 668 τὴν
199 577 353 661 χελιδόνα
369 581 424 644 καὶ
440 578 606 663 λάμειοιν),
631 579 685 663 qui
700 577 1271 664 111111010ςί11108811110111111111).

123 683 174 748 Ab
197 681 317 747 ultimis
338 687 375 746 ut
396 679 564 765 incipiam,
588 680 696 764 magni
719 686 767 745 est
789 679 941 745 momenti
963 680 1050 763 quod
1071 680 1271 747 Nicostratus

123 781 162 848 τὰ
191 783 271 869 περὶ
299 779 358 868 τὴν
385 777 541 862 χελιδόνα
569 780 687 846 sabulis
711 781 875 864 tractauit,
905 801 978 847 nam
1000 781 1110 848 Babrii
1132 782 1272 848 tabellae

123 887 204 952 duae
233 885 329 969 plane
359 882 536 967 singulares
569 885 606 946 12
635 887 667 947 et
689 881 781 948 Bodl.
806 887 846 946 45
859 881 885 965 ²)
916 881 1004 948 idem
1033 882 1154 948 habent
1180 902 1272 966 argu-

124 992 272 1052 mentum.
308 986 422 1066 Itaque
437 984 519 1050 sicut
533 983 592 1049 has
607 983 733 1048 fabulas
749 1001 866 1066 magna
879 983 1105 1068 probabilitate
1121 983 1164 1050 ad
1178 985 1273 1052 Nico-

122 1093 254 1154 stratum
271 1089 398 1166 referes,
421 1084 468 1151 ita
482 1085 563 1150 alias
578 1103 703 1168 quoque
724 1104 806 1165 quae
829 1085 933 1151 simila
955 1085 1117 1170 ingenium
1140 1085 1272 1169 spirant.

123 1187 278 1254 Primario
302 1194 409 1253 autem
432 1193 561 1253 auctore
584 1186 736 1252 Bahrium
753 1186 934 1252 Nicostrato
958 1207 1050 1254 usum
1073 1206 1144 1254 esse
1166 1186 1272 1254 crede·

123 1309 198 1371 rem,
219 1289 246 1354 si
261 1294 381 1354 certum
398 1295 482 1354 esset
502 1287 588 1369 quod
604 1285 720 1354 Suidas
739 1287 837 1353 tradit
852 1287 979 1353 fabulas
994 1287 1171 1354 Babrianas
1193 1277 1274 1354 sicu't

123 1390 297 1456 Nicostrati
320 1387 431 1455 decem
452 1388 542 1454 libris
562 1409 633 1455 essa
648 1387 777 1472 diuisas,
799 1390 987 1472 praesertim
1002 1409 1073 1454 cum
1090 1390 1191 1457 tribus
1209 1389 1274 1456 illis

124 1491 303 1556 fabularum
327 1489 599 1557 Nicostratearum
621 1491 790 1574 generibus
813 1489 1111 1561 etiamssabrianae
1133 1511 1274 1575 compre-

123 1589 347 1675 1111111113).
384 1592 532 1658 (letarum
547 1591 645 1658 talem
660 1593 779 1658 fontem
801 1592 904 1676 ipsum
926 1592 1123 1676 prooemium
1138 1594 1274 1658 alterum

122 1693 246 1759 indicat
262 1693 339 1760 exili
354 1693 411 1759 illa
426 1692 467 1760 de
481 1693 662 1759 fabularum
678 1693 853 1776 originibus
869 1692 1028 1759 doctrina:
1046 1693 1096 1758 cui
1111 1694 1275 1759 simillima

123 1795 261 1880 legimus
276 1794 361 1879 apud
378 1800 500 1861 ceteros
515 1794 609 1861 huius
624 1795 739 1860 aetatis
754 1794 897 1862 rhetores
913 1794 968 1860 ubi
984 1794 1025 1860 de
1042 1792 1143 1880 μύθῳ
1166 1803 1273 1878 agunt,

123 1897 159 1963 cf.
177 1896 328 1977 Hermog.
344 1915 509 1980 progymn.
531 1902 557 1980 l,
578 1896 739 1980 Aphthon.
755 1915 842 1982 prog.
864 1901 888 1979 1,
912 1895 1025 1962 Theon
1046 1915 1135 1981 prog.
1152 1901 1169 1961 3
1185 1918 1216 1981 p.
1233 1900 1272 1960 73

123 1999 177 2082 Sp.
203 1997 273 2081 (uhi
294 1997 455 2063 inuenitur
476 1998 572 2065 etiam
594 1995 756 2082 Κοβισιὸς
780 1994 814 2062 ἐκ
835 1995 994 2084 Λιβύης),
1017 1998 1152 2080 Diogen.
1174 2000 1273 2082 praef.

122 2100 270 2185 prouerb.
294 2096 565 2182 (paroemicgrr.l
587 2121 618 2184 p.
639 2103 697 2165 178
713 2100 798 2182 sqq.)
825 2100 846 2183 ).

210 2202 317 2282 Atque
332 2201 394 2266 hoc
409 2221 480 2267 cum
496 2221 587 2284 aeuo,
611 2200 697 2283 quod
712 2205 759 2266 tot
779 2202 844 2266 iam
866 2199 992 2267 indiciis
1013 2199 1105 2284 prodi
1127 2199 1273 2282 uidimus,

123 2303 269 2370 instituta
291 2322 396 2368 mores
418 2301 587 2384 religiones
609 2301 693 2386 apud
711 2302 862 2367 Babrium
886 2321 1039 2386 expressa
1061 2301 1180 2386 optime
1202 2322 1274 2368 con-

125 2535 224 2608 ψευδὴς
243 2533 434 2598 (Αἰσώπειος),
458 2531 580 2599 μυθικὸν
603 2529 633 2584 δὲ
657 2529 688 2584 τὸ
713 2535 821 2603 ὲνγίζον
837 2533 879 2597 τῷ
896 2529 981 2598 μύθῳ
1000 2537 1045 2584 καὶ
1064 2531 1213 2603 δυνάμενον
1231 2541 1276 2587 καὶ

124 2623 227 2689 ἀληθὲς
238 2619 309 2672 εἶναι
318 2613 408 2670 δοκεῖν
417 2614 585 2684 (perculsa
594 2613 785 2686 δραματικὸν);
802 2615 924 2670 similiter
933 2616 987 2670 iam
996 2616 1158 2673 Aristoteles
1168 2625 1274 2686 poeti:

131 2711 237 2777 Ομηροο
254 2699 378 2772 μιμήσεις
396 2698 563 2771 δραματικὰε
581 2702 716 2766 ἐποίησεν.
753 2700 828 2754 Falci
843 2704 914 2756 ,sunt
931 2699 1090 2769 Bernhardy
1106 2701 1119 2754 Ι
1137 2718 1163 2770 p.
1183 2707 1232 2756 624
1250 2709 1277 2757 et

125 2789 233 2846 Nicolai
242 2789 268 2841 II
282 2804 307 2855 p.
318 2789 377 2841 463.

214 2879 238 2938 1)
256 2873 424 2940 Quamquam
441 2869 539 2924 nimius
552 2875 594 2924 est
603 2868 769 2940 Tyrwhittus
784 2868 802 2922 l.
814 2883 835 2922 s.
846 2883 866 2922 s.
877 2885 903 2938 p.
916 2867 1053 2924 CLXXXI
1065 2866 1132 2922 adn.
1143 2871 1175 2922 35
1194 2868 1276 2922 Nico-

127 2961 246 3014 stratum
258 2957 360 3025 scripta
372 2956 503 3024 quaedam
511 2949 593 3008 ‘mere
605 2949 792 3022 mythologioa’
804 2953 920 3007 edidisse
931 2953 995 3008 hinc
1008 2952 1179 3007 concludens.
1202 2953 1276 3020 Quae

127 3044 158 3098 de
182 3041 271 3096 lamiis
293 3045 386 3094 narrat
410 3039 461 3092 Dio
485 3038 621 3108 chrysost.
644 3039 677 3092 dc
701 3052 784 3106 regno
803 3037 875 3091 or.V
901 3037 924 3104 (I
943 3053 969 3106 p.
992 3041 1038 3092 188
1053 3037 1097 3103 R.)
1113 3037 1208 3105 μῦθον
1226 3040 1276 3090 Λι-

126 3128 212 3196 βυκὸν
236 3125 400 3179 nominauit:
423 3123 495 3176 unde
518 3123 628 3192 colligas
648 3123 717 3178 haec
739 3121 832 3178 eodem
849 3119 906 3177 lero
924 3123 985 3178 loco
1006 3121 1101 3176 habita
1119 3127 1277 3192 careatque

129 3211 239 3266 tabulas
257 3211 403 3276 Aesopeas.

215 3299 241 3360 2)
259 3293 301 3347 De
317 3293 369 3347 hac
389 3291 424 3346 cf.
435 3307 462 3359 p.
473 3295 521 3346 202
541 3294 568 3346 et
585 3293 649 3346 Aes.
659 3292 693 3346 H.
704 3294 781 3346 alul.

215 3381 240 3442 3)
259 3379 399 3446 Aesopeae
417 3379 481 3430 sunt
498 3375 641 3444 plurimae;
665 3377 830 3431 dramaticae
847 3375 921 3432 haud
939 3389 1052 3442 paucae,
1070 3375 1098 3429 in
1115 3375 1208 3444 primis
1230 3381 1276 3430 116

129 3462 269 3531 (moechus
287 3467 314 3516 et
331 3461 466 3526 maritus),
491 3461 643 3528 Auianique
661 3463 692 3513 25
712 3465 791 3530 (puer
809 3463 836 3514 et
852 3460 905 3524 fur)
928 3464 956 3515 et
972 3464 1115 3529 praeterea
1132 3463 1156 3515 2.
1178 3465 1217 3515 15.
1236 3465 1276 3514 34.

129 3555 173 3611 lt;
206 3543 403 3616 mythologicae
429 3549 467 3598 12.
487 3549 528 3598 tl.
548 3549 589 3598 58.
609 3549 650 3599 59.
670 3543 982 3608 causanctantae
1025 3544 1192 3612 Quamquam
1209 3545 1277 3598 haec

128 3631 298 3702 generatam
316 3629 390 3699 apud
407 3629 563 3684 Phaedrum
579 3628 694 3684 inueniri
712 3629 860 3684 notandum
878 3633 927 3684 est.

216 3718 242 3780 l)
260 3715 323 3770 Non
347 3714 405 3770 sine
429 3714 488 3768 ueri
512 3712 603 3782 specie
625 3713 744 3768 conicias
767 3713 875 3768 tabulas
893 3713 1011 3783 priores,
1035 3711 1070 3765 ad
1088 3677 1156 3778 odas
1174 3716 1279 3780 spectet

130 3799 299 3870 prooemium
321 3798 335 3850 I
356 3799 502 3866 populare,
528 3813 561 3852 ex
585 3804 676 3853 uetere
700 3797 790 3865 aliqua
808 3797 965 3852 collectione
982 3795 1112 3850 Babrium
1130 3797 1279 3864 repetiisse,

129 3887 309 3956 posteriores,
335 3898 449 3951 quarum
468 3883 504 3938 sit
520 3883 687 3952 prooemium
705 3883 731 3934 ll
749 3882 953 3947 scholasticum,
980 3895 1013 3934 ex
1031 3880 1182 3936 Nicostrati
1200 3881 1279 3936 deca-

129 3971 240 4041 mythia.
277 3968 338 4022 Duo
364 3972 454 4022 autem
471 3968 571 4022 Auiani
591 3967 730 4022 uolumina
747 3972 811 4034 apte
828 3965 864 4019 ad
881 3965 934 4020 duo
952 3965 1021 4020 haec
1040 3979 1158 4033 corpora
1174 3964 1280 4021 fabula·

130 4071 189 4110 rum
207 4052 318 4117 celeres,
336 4051 428 4106 decem
447 4051 547 4107 Suidae
564 4052 647 4106 libros
665 4049 700 4104 ad
719 4049 849 4104 alterum:
868 4065 921 4117 quo
940 4049 1024 4104 omnis
1043 4049 1140 4104 horum
1157 4051 1278 4106 testimo-

130 4140 236 4194 niorum
255 4135 359 4191 tollitur
374 4136 565 4206 discrepantia.
602 4135 769 4203 Quamquam
787 4133 854 4188 certi
871 4133 1015 4202 quicquam
1033 4133 1079 4188 uix
1099 4133 1209 4192 efficies.
