3138 4872
623 427 656 482 da
674 426 766 482 Babrii
785 430 882 482 aetate.
1270 425 1329 486 137

179 599 254 666 illas
276 598 416 665 rationes
437 598 530 664 nihili
552 597 841 683 esseproiessus1)
863 599 964 664 multa.
986 618 1040 664 cur
1062 604 1147 664 certe
1168 605 1242 666 ante
1269 598 1329 666 Ro·

180 721 309 767 manam
337 704 477 766 aetatem
506 700 739 783 Graeciamque
766 721 787 767 a
815 699 967 766 Romanis
1000 700 1166 766 subactam
1194 700 1330 768 Babrius

181 801 314 869 uixisset
336 801 536 887 congessit).
578 796 643 869 ‘So
672 792 747 868 nur’
772 801 876 884 inquit
895 795 972 865 ‘hat
1001 799 1053 868 die
1074 801 1250 886 Persiflaga
1273 801 1331 868 der

182 904 391 972 Ochlohretie
411 902 489 986 (iah.
506 902 561 988 40)
578 904 670 970 einen
686 895 772 970 Sinn’
790 939 832 948 -
847 902 907 969 sed
921 901 964 968 ad
979 902 1207 970 ochlooratiam
1221 903 1332 970 fabula

181 1007 239 1072 illa
261 1005 389 1073 omnino
411 1025 474 1071 non
496 1011 628 1090 spectat,
650 1006 748 1073 immo
769 1005 850 1070 nihil
868 1012 917 1072 est
933 1005 996 1071 nisi
1009 1007 1098 1073 iocus
1115 1003 1331 1088 (Αἰσώπειον

182 1106 325 1194 γελοῖον)
348 1107 457 1192 paullo
480 1107 656 1190 obscenior,
679 1107 718 1174 os.
741 1107 937 1173 simillimam
958 1107 1069 1174 Babrii
1085 1111 1125 1172 34
1143 1113 1176 1174 et
1190 1107 1333 1174 Knoellii

181 1209 274 1275 Bodl.
292 1212 368 1292 1213
393 1208 604 1293 epimythium
625 1228 655 1274 u.
673 1215 690 1274 5
706 1227 754 1291 sq.
776 1209 870 1275 nimis
885 1209 1027 1295 ineptum
1035 1208 1071 1292 ³),
1095 1227 1157 1291 quo
1172 1208 1332 1274 sententia

181 1312 239 1378 illa
261 1310 295 1378 ui
316 1310 349 1376 in
371 1310 513 1377 tabulam
528 1311 668 1394 infertur,
690 1311 868 1377 rectissimo
886 1311 1005 1377 iudicio
1019 1311 1226 1376 Eberhardua
1242 1309 1332 1376 uncis

182 1413 312 1481 inclusit
334 1449 391 1494 —,
411 1406 461 1478 ‘so
489 1411 542 1477 die
564 1411 742 1495 Allegorie,
771 1413 894 1479 welche
919 1412 1125 1479 dffentlichen
1146 1413 1245 1478 Zwist
1267 1411 1333 1478 und

182 1514 398 1599 Burgerhrieg
411 1533 470 1579 aus
485 1513 558 1578 dem
573 1513 803 1593 gewaltsamen
815 1514 1012 1580 Uebermuth
1027 1512 1084 1580 der
1095 1511 1332 1580 herrsohenden

181 1616 331 1698 Faction,
356 1604 555 1681 ⁴namentlich
577 1614 635 1680 des
657 1614 793 1694 Demos,
816 1615 949 1680 ableitet
970 1613 1062 1694 (Feb.
1079 1618 1137 1695 72,
1158 1635 1219 1682 scr.
1237 1607 1331 1696 705⁴)

183 1754 224 1764 —
245 1723 280 1783 at
301 1718 374 1802 ipsa
395 1717 506 1782 fabula
528 1715 608 1780 nihil
629 1714 719 1780 aliud
748 1715 857 1800 docet,
885 1716 947 1783 nisi
970 1717 1090 1782 bellum
1112 1715 1261 1782 iniuriam
1283 1735 1332 1782 se-

185 1820 256 1904 qui,
291 1837 402 1885 uersus
431 1823 538 1884 autem
566 1820 585 1880 6
608 1835 695 1900 sqq„
724 1817 840 1899 quibus
868 1817 1028 1884 sententia
1059 1817 1117 1882 illa
1146 1817 1331 1898 continetur,

183 1920 296 1988 Babrii
323 1941 388 1986 non
415 1924 502 2003 sunt,
533 1918 592 1985 sed
622 1917 850 2004 epimythistae
871 1917 1150 2002 diasceuastaeue,
1180 1919 1218 1984 cf.
1241 1917 1333 1984 Hoch

182 2016 237 2088 ‘de
251 2021 347 2088 Babr.
362 2021 482 2088 fabulis
504 2021 659 2105 corruptis
681 2027 713 2088 et
727 2011 936 2103 interpolatis’
954 2042 986 2106 p.
1005 2025 1053 2086 17.
1072 2022 1120 2085 19.
1136 2023 1176 2084 23
1193 2017 1333 2102 (Nauck.

183 2122 299 2189 Philol.
322 2123 382 2204 VI,
406 2121 500 2206 407),
528 2121 705 2190 Eberhard.
729 2123 899 2190 obseruatt.
921 2144 952 2207 p.
977 2121 1042 2207 7⁵).
1085 2121 1195 2204 Pergit
1223 2121 1332 2188 Hertz·

271 2310 295 2370 tl
314 2306 394 2360 Babr.
405 2323 432 2376 p.
444 2310 506 2361 164:
519 2301 565 2360 ‘So
575 2307 640 2361 wird
653 2307 724 2362 deun
736 2307 808 2360 auch
820 2306 907 2374 gleich
923 2305 966 2360 die
977 2305 1131 2374 Folgerung
1142 2304 1333 2369 Lachmann's,

184 2391 247 2445 dass
270 2390 393 2445 Babrios'
410 2389 689 2459 Uebereinstimmung
711 2391 740 2444 in
763 2390 824 2445 dem
849 2395 988 2446 correcten
1010 2391 1069 2444 Bau
1094 2389 1142 2444 der
1165 2390 1221 2444 vier
1245 2391 1336 2445 ersten

184 2473 208 2528 F
210 2482 273 2528 usse
290 2475 339 2527 mit
350 2475 460 2530 Persius
478 2474 534 2529 und
547 2475 658 2530 Martial
674 2474 719 2528 tltr
737 2475 781 2528 ein
797 2475 916 2542 gleiches
927 2475 1056 2530 Zeitalter
1069 2475 1117 2529 der
1129 2474 1333 2543 beiderseitigen

183 2557 301 2612 Dichter
323 2571 421 2626 muge,
444 2557 530 2613 durch
548 2559 595 2614 das
613 2559 693 2628 vdllig
710 2565 958 2628 entgegengesetzte
975 2558 1144 2614 Verhltltniss
1162 2560 1209 2615 des
1225 2557 1334 2614 fttnften

182 2641 242 2696 und
259 2642 384 2696 seehston
396 2642 497 2698 Fueses
514 2644 667 2713 paralysim,
685 2644 713 2698 in
732 2643 813 2698 deren
824 2643 1004 2710 Behandlung
1018 2643 1134 2699 Bebrios
1151 2645 1232 2700 theils
1244 2644 1333 2709 treien

183 2726 264 2782 theiis
283 2733 417 2797 strenger,
436 2728 502 2782 aher
517 2729 589 2782 nach
607 2727 682 2783 einer
697 2743 766 2797 ganz
783 2727 903 2782 anderen
921 2727 1007 2794 Seite,
1025 2727 1066 2781 als
1084 2728 1127 2782 die
1144 2727 1256 2795 Rdmer,
1274 2744 1333 2784 ver·

183 2809 273 2866 idhrt?
305 2812 380 2879 Quae
397 2812 450 2866 dici
467 2813 561 2882 nequit
578 2828 658 2884 quam
676 2828 749 2867 uana
766 2811 822 2866 sint
840 2815 866 2866 et
883 2810 987 2865 inania:
1006 2826 1069 2865 nam
1086 2812 1201 2880 primum
1218 2828 1252 2866 ex
1263 2808 1333 2867 ‘cor-

183 2892 266 2950 recta'
285 2896 384 2966 pedum
402 2903 531 2967 quattuor
548 2899 671 2966 priorum
687 2895 777 2952 forma
794 2896 862 2950 nihil
884 2896 1018 2951 conclusit
1035 2896 1236 2960 Lachmannus,
1253 2897 1334 2951 immo

184 2995 218 3034 ex
235 2981 315 3036 nouis
333 2982 493 3048 quibusdam
510 2981 628 3036 licentiis
645 2981 797 3050 <anapaesti
814 2997 866 3036 usu
882 2985 910 3035 et
927 2980 1029 3034 areium
1046 2981 1195 3034 solutorum
1208 2981 1334 3048 frequen-

183 3067 247 3131 tia);
266 3065 361 3120 deinde
379 3066 524 3121 choliambi
541 3065 672 3120 Bahrisni
689 3065 809 3133 pedesV
827 3071 854 3119 et
864 3065 903 3120 vl
921 3065 1163 3119 scholiamborum
1175 3064 1335 3118 Latinorum

183 3149 258 3203 exitu
277 3150 376 3205 diuersi
392 3167 448 3205 non
465 3157 536 3217 sunt,
554 3151 606 3204 nisi
623 3149 696 3219 quod
713 3149 808 3203 ultima
824 3149 906 3217 longa
922 3149 1039 3204 Babrius
1057 3148 1122 3203 data
1139 3163 1223 3217 opera
1239 3150 1333 3214 utitur,

183 3233 211 3286 in
237 3249 289 3303 quo
313 3235 380 3289 nihil
402 3236 472 3289 inest
494 3235 565 3304 quod
592 3237 673 3303 plane
691 3234 855 3289 contrarium
872 3233 1005 3289 nominari
1024 3233 1118 3302 possit.
1154 3233 1334 3290 Nihilominus

184 3317 275 3372 Keller
292 3336 318 3388 p.
332 3324 381 3372 lut
399 3319 469 3374 haee
486 3319 543 3374 fere
560 3318 595 3372 ad
611 3318 725 3372 uerbum
743 3318 894 3386 exscripsit.

269 3406 296 3468 1)
313 3406 483 3470 Argumenta
499 3403 558 3458 eius
575 3403 692 3472 plurima
708 3402 817 3458 Hecker
833 3403 942 3472 repetiit
958 3403 1089 3458 Philolv
1106 3419 1133 3472 p.
1144 3406 1192 3455 489
1202 3417 1242 3471 sq.
1309 3471 1322 3482 ⁸

271 3492 297 3551 ³)
316 3487 406 3542 Verba
423 3493 487 3542 sunt
504 3488 586 3542 haec:
605 3485 682 3541 ardice
699 3484 734 3540 ἄν
751 3505 792 3541 τις
809 3487 880 3540 εἴποι
897 3486 948 3541 τὸν
966 3484 1048 3560 λόγον
1064 3487 1115 3540 τὸν
1126 3484 1271 3551 Αἰσώπου,
1285 3488 1295 3554 ΙΙ
1307 3483 1336 3552 ἧς

184 3567 293 3635 ἔσχατοι
310 3575 457 3641 κρατοῦσιν
473 3568 536 3625 ἀντὶ
553 3574 613 3626 τῶν
629 3569 759 3644 πρώτων.
795 3571 882 3640 Finge
899 3571 949 3625 tibi
969 3572 1062 3627 urbem
1074 3572 1117 3626 uel
1129 3571 1334 3639 rempublicam

184 3656 286 3724 Aesopi
304 3657 424 3710 fabulam
442 3657 589 3712 dicentem!
616 3647 709 3719 στόλον,
729 3657 801 3726 quod
818 3657 907 3711 Boias.
926 3657 1049 3722 coniecit,
1067 3672 1123 3711 non
1139 3655 1273 3724 intellego.

270 3745 296 3805 4)
315 3741 473 3810 Hertzbergi
489 3742 591 3797 Kelleri
602 3740 705 3797 Naberi
722 3740 853 3796 nonnulla
871 3740 995 3795 omnibus
1013 3741 1103 3794 uerbis
1121 3740 1253 3807 exscribo,
1272 3757 1335 3796 nam

185 3829 294 3880 uertere
309 3840 341 3880 ea
358 3826 403 3880 uel
420 3841 566 3894 excerpere
582 3825 630 3882 ubi
648 3832 763 3882 conatus
781 3826 834 3880 eris
853 3824 929 3893 quasi
946 3824 1017 3879 inter
1028 3823 1126 3892 digitos
1139 3825 1189 3880 tibi
1201 3825 1335 3881 diffluent.

271 3915 297 3977 5)
314 3911 468 3974 Hominem,
494 3913 540 3978 qui
557 3926 604 3965 eos
621 3911 743 3976 finxerit,
766 3926 799 3964 ex
815 3907 974 3978 Byzantinis
992 3909 1045 3963 illis
1062 3909 1163 3964 saeculi
1181 3910 1233 3964 VII
1250 3910 1335 3966 fuisse

184 4001 299 4065 apparet
316 3996 361 4064 qui
379 4016 444 4048 σιν
468 3995 604 4050 uocsiium
627 4010 780 4050 mensuram
802 3994 990 4063 neglexerunt,
1016 3993 1050 4049 ct.
1069 3999 1085 4047 6
1108 3984 1157 4047 vde
1180 3998 1209 4049 et
1226 4000 1239 4048 7
1259 3990 1336 4066 tcta

184 4079 301 4134 επέλθοι
318 4079 455 4146 (Struuius
473 4080 548 4134 misc.
566 4079 697 4134 Friedcm.
707 4097 734 4149 p.
744 4083 791 4134 637
802 4095 852 4147 sq,
871 4077 1007 4147 Sauppius
1020 4077 1072 4132 Rh.
1085 4076 1123 4129 M.
1135 4078 1163 4132 11
1173 4095 1200 4147 p.
1214 4083 1264 4134 644
1274 4083 1335 4148 sp),

185 4180 238 4233 quo
262 4164 329 4219 uitio
351 4165 432 4218 etiam
458 4169 503 4232 19,
522 4169 538 4220 6
561 4164 656 4232 (ἴσχῦε)
679 4165 841 4234 epitomator
863 4162 1073 4234 deprehenditur
1094 4163 1151 4228 (ubi
1167 4179 1223 4218 non
1241 4162 1334 4218 dubito
