3118 4870
571 399 603 454 de
621 399 715 456 Babrii
732 407 830 456 aetate.
1215 404 1276 468 205

125 569 325 636 intellexisse
348 575 403 636 aut
425 575 546 638 temere
568 579 709 640 mutasse
727 571 906 642 censendus
923 580 980 658 est,
1003 576 1084 641 sicut
1098 577 1130 642 in
1145 579 1209 644 fab.
1227 583 1278 662 58,

125 670 166 737 de
188 690 252 753 qua
274 679 396 755 postea.

210 772 261 839 Ad
291 774 433 840 fabulam
457 775 639 841 Babrianae
667 778 708 840 20
735 773 871 840 similem
895 795 998 858 neque
1021 783 1128 844 tamen
1151 779 1192 844 ad
1215 783 1275 846 Ba-

125 875 268 941 brianam
299 875 401 959 ipsam
432 880 581 959 spectant
603 895 684 957 quac
706 877 856 958 leguntur
881 875 968 959 apud
991 877 1166 945 Zenobium
1182 880 1219 964 V,
1236 885 1275 946 93

123 997 153 1060 p.
180 981 254 1042 158:
284 975 413 1064 εἴρηται
442 977 477 1042 δὲ
500 975 572 1056 (σὺν
590 970 720 1064 Ἀθηνᾷ
747 979 802 1042 καὶ
830 989 927 1063 χεῖρα
952 983 1035 1044 κίνει
1058 981 1276 1066 prouerbium)

123 1070 191 1142 άπὸ
222 1070 400 1165 άνηλάτοο,
433 1073 471 1144 οὗ
499 1075 517 1144 ὁ
548 1078 609 1162 μὲν
638 1073 713 1155 άνος
742 1077 790 1155 εἷς
818 1076 927 1167 πηλὸν
954 1076 1158 1146 ἐπεπτώκει·
1187 1077 1204 1146 ὁ
1230 1081 1275 1163 δὲ,

123 1179 198 1244 (λεόν
220 1184 371 1268 βοηθεῖν,
396 1178 589 1246 ἐπεκαλεῖτο
612 1177 670 1246 τὸν
688 1175 893 1266 Ἡρακλέαῖ).
930 1181 1033 1264 Magis
1054 1183 1089 1248 ni
1110 1183 1204 1249 fallor
1225 1184 1275 1252 his

121 1281 239 1346 fabulis
262 1283 426 1364 popularis
448 1290 497 1350 est
513 1282 544 1348 S.
562 1287 602 1347 30
617 1312 660 1334 =
675 1282 715 1348 H.
729 1285 790 1346 300
813 1273 911 1370 (άνὴρ
922 1274 1104 1369 Ἀθηναῖος
1120 1283 1274 1370 ναοανάς)

121 1385 312 1450 sententiam
337 1383 472 1450 eandem
495 1384 675 1466 illustrans,
702 1402 775 1446 nam
800 1402 882 1464 quae
904 1383 937 1448 in
959 1383 1022 1450 fine
1044 1385 1193 1470 leguntur
1215 1385 1274 1452 σὺν

128 1476 253 1572 Ἀθηνᾷ
281 1487 335 1551 καὶ
362 1498 458 1570 χεῖρα
485 1489 569 1550 κίνει
610 1483 842 1550 nobilissimum
877 1493 950 1551 sunt
979 1487 1199 1569 prouerbium:
1234 1491 1272 1556 cf.

121 1586 242 1653 Zenob.
258 1587 296 1672 V,
312 1591 369 1672 933
386 1587 479 1670 Dicg.
487 1587 572 1669 VIII,
592 1591 646 1667 11·;
663 1586 780 1652 Macar.
789 1585 859 1668 Vll,
877 1589 932 1670 843
949 1587 1103 1652 Themist.
1119 1609 1162 1654 or.
1178 1590 1274 1656 XXII

119 1709 150 1771 p.
168 1692 228 1752 267
247 1695 326 1755 extr.
365 1687 430 1754 Sed
454 1689 565 1754 dubito
588 1707 629 1752 an
653 1688 748 1752 etiam
765 1688 941 1754 uetustiora
956 1687 1019 1753 sint
1035 1707 1117 1770 quae
1132 1690 1273 1756 seruauit

118 1789 280 1855 Zenobius
295 1790 316 1855 l.
329 1809 354 1855 s.
366 1810 391 1856 s.
407 1811 438 1873 p.
455 1793 523 1872 158,
537 1793 555 1853 s
571 1808 657 1872 sqq.:
681 1786 788 1874 ἕτεροι
811 1787 848 1852 δέ
870 1809 975 1874 φασιν
996 1779 1049 1854 ὅτι
1070 1789 1200 1871 μέλλων
1221 1791 1274 1867 τλς

119 1882 356 1975 ἀγωνίσασθαι
376 1888 523 1978 χρησμὸν
545 1887 639 1976 παρὰ
658 1893 716 1978 τῆς
727 1882 883 1978 Ἀθηνᾶς,
892 1889 1037 1978 εἴληφεν,
1062 1883 1114 1956 ὅτι
1130 1890 1272 1978 νικήσει·

119 1987 295 2069 ἐνστάντος
323 1991 359 2057 δὲ
387 1995 446 2057 τοῦ
470 1984 596 2078 άγιῦνος
619 1988 783 2057 εἰσελθών
807 1991 854 2069 εἷς
876 1987 912 2056 τὸ
937 1995 1083 2076 θέατρον
1105 1993 1159 2057 καὶ
1183 1991 1272 2057 κάτω

116 2091 232 2176 βαλιὰν
259 2091 320 2170 τὰς
345 2106 459 2180 χεῖρας
488 2092 645 2182 εἱστήκει,
678 2091 739 2170 ἕως
765 2091 972 2177 τυπτόμενος
998 2089 1064 2160 άπὸ
1088 2097 1146 2158 τοῦ
1170 2087 1271 2160 άντα-

117 2198 282 2278 γωνιοτοῦ
311 2192 464 2283 iaculato:
492 2201 578 2262 certe
607 2217 677 2262 cum
709 2196 767 2262 tali
797 2195 1035 2263 narratiuncula
1057 2197 1177 2279 optime
1199 2217 1269 2263 con·

118 2296 196 2362 cinit
218 2297 379 2378 prouerbii
400 2297 503 2363 forma
525 2297 684 2364 Laconica
706 2293 765 2360 σὺν
786 2287 917 2382 Ἀθανᾷ
944 2299 1000 2362 καὶ
1023 2299 1105 2382 χέρα
1123 2303 1206 2363 κίνει
1229 2298 1270 2364 ab

117 2397 281 2482 Hesychio
304 2404 441 2479 seruata,
465 2399 504 2463 cf.
520 2395 581 2461 τὰν
601 2408 695 2480 χεῖρα
718 2399 947 2480 ποτιφέροντα
968 2394 1030 2461 τάν
1045 2395 1145 2478 τύχαν
1159 2400 1271 2464 καλεῖν

117 2499 223 2565 simile
250 2498 452 2580 prouerbium
483 2497 673 2563 Laconicum
696 2496 779 2560 Plut.
802 2496 875 2560 inst.
898 2497 1015 2562 Lacon.
1039 2518 1069 2580 p.
1094 2501 1155 2563 239
1177 2500 1207 2564 A
1228 2531 1271 2550 =

117 2601 231 2684 Apost.
247 2598 317 2681 XV,
333 2601 384 2663 92.

202 2703 239 2766 ln
261 2700 325 2767 fab.
344 2703 383 2764 33
407 2718 436 2764 u.
454 2703 473 2762 4
490 2717 537 2780 sq.
561 2697 640 2764 haec
663 2697 814 2782 legimus:

292 2801 396 2884 μέλαν
418 2800 559 2865 κολοιιῦν
581 2796 682 2876 ἔθνος
705 2785 791 2885 ἦλθε
815 2797 998 2887 ὁοσφάνων

292 2905 400 2989 ψᾶρές
422 2894 453 2966 τ’
480 2895 624 2987 ὄλεθρος
647 2899 848 2986 σπερμάτων
872 2892 1059 2987 ἀρουραίων
1082 2934 1124 2945 -

117 3003 196 3069 nihil
219 3009 323 3069 autem
347 3005 380 3070 in
402 3005 474 3088 ipsa
491 3003 603 3070 fabula
621 3002 662 3070 de
676 3002 815 3087 graculis
830 3002 986 3086 audimus,
1010 3000 1068 3068 sed
1084 3002 1145 3067 soli
1159 3004 1269 3088 ψᾶρες

118 3110 403 3172 commemorantur
414 3104 449 3188 ²),
472 3105 510 3170 cf.
526 3123 556 3170 u.
573 3107 590 3167 7
608 3124 671 3186 sq.:
690 3111 693 3118 '

204 3293 229 3352 t)
247 3286 321 3342 Haec
336 3320 368 3327 —
383 3289 455 3342 sicut
472 3286 525 3340 alia
542 3286 627 3339 multa
640 3317 671 3326 -
685 3285 858 3342 diasceuastae
876 3287 1010 3342 recentior
1026 3286 1175 3343 inseruisse
1192 3288 1267 3343 uide-

116 3375 168 3434 tur,
187 3385 276 3439 neque
293 3371 364 3425 enirn
382 3373 518 3440 quadrant
534 3369 563 3424 in
580 3371 755 3438 prouerbium
773 3385 857 3440 supro
874 3372 1038 3440 exscriptum
1055 3374 1083 3426 et
1095 3373 1267 3441 explicatum,

117 3455 141 3508 in
162 3471 215 3524 quo
234 3455 359 3511 Minerua
377 3462 417 3511 est
434 3472 484 3524 pro
502 3455 627 3508 Hercule.

201 3544 228 3606 2)
247 3540 371 3596 Ceterum
393 3540 462 3596 haec
485 3538 689 3594 narratiuncula
710 3537 769 3592 fieri
792 3541 884 3608 potest
907 3544 939 3593 ut
956 3555 989 3594 ex
1012 3543 1173 3610 Ψαρομιιχια
1191 3537 1267 3604 opica

117 3624 232 3693 repetita
249 3624 292 3692 sit,
310 3640 390 3693 quam
407 3623 662 3680 Pseudoherodotus
677 3623 745 3689 (uita
762 3622 842 3678 Hom.
861 3623 877 3691 ξ
896 3627 939 3689 24)
956 3623 1074 3677 Homero
1092 3621 1144 3688 ipsi
1161 3619 1267 3674 tribuit.

116 3707 156 3762 Ita
174 3724 208 3764 ex
226 3708 547 3779 Batrachomyomachiae
564 3725 609 3762 uu.
628 3712 738 3762 9-100
756 3711 818 3762 orta
835 3706 985 3762 est'febula
1005 3710 1051 3759 175
1066 3704 1167 3756 Eberh.
1186 3709 1267 3772 atque

116 3791 294 3860 fragmentum
314 3798 362 3848 136
379 3793 465 3848 Ebu:
486 3795 568 3864 σοφῆς
580 3791 695 3864 ἄράχνηε
707 3791 784 3846 ἱστὸν
797 3777 856 3863 εὗρε
869 3786 996 3856 κοιλάτηε
1008 3785 1064 3841 κτλ.
1078 3787 1138 3841 coll.
1152 3787 1266 3843 Aristot.

117 3876 176 3932 hist.
187 3893 232 3932 an.
243 3877 290 3945 lx,
303 3883 333 3932 14
351 3875 466 3946 πόλεμοε
476 3919 481 3930 .
493 3916 499 3930 .
510 3917 516 3929 .
527 3873 711 3950 ἇσκαλαβώτῃ
729 3881 775 3929 καὶ
792 3871 895 3946 ἀράχνῃ
914 3880 941 3927 et
958 3871 1025 3926 Plin.
1038 3887 1065 3924 n.
1078 3871 1105 3924 h.
1115 3870 1162 3938 XI,
1173 3875 1204 3925 st
1217 3867 1266 3927 ‘la-

117 3967 250 4016 certarum
268 3963 372 4018 catulos
390 3967 526 4016 conantur
543 3977 573 4016 os
591 3960 706 4030 primum
722 3960 777 4014 tela
793 3957 964 4012 inuoluentes
977 3996 982 4008 .
994 3996 999 4008 .
1011 3951 1025 4007 .’
1045 3971 1100 4010 non
1118 3956 1177 4010 aino
1195 3957 1266 4012 ueri-

117 4047 180 4100 tatis
205 4047 296 4116 specie
318 4048 354 4102 ad
370 4045 586 4119 Ἀραχνομαχιαν
609 4044 710 4100 referes
734 4057 815 4110 quam
838 4041 908 4094 inter
928 4038 1038 4094 Homeri
1060 4053 1143 4109 opera
1167 4039 1266 4096 Suidus

116 4131 250 4185 nominat:
271 4131 304 4186 ci.
314 4131 420 4198 Kinlrel,
430 4132 497 4202 epic.
509 4131 606 4184 Graec.
617 4127 650 4182 fr.
660 4145 687 4197 p.
698 4132 713 4182 2
724 4131 750 4181 et
761 4130 803 4181 63.

165 4224 281 4276 Leipzlger
294 4224 395 4267 Studien.
415 4223 443 4266 11.
1030 4229 1062 4279 14
