3138 4872
751 412 815 467 Otto
835 411 946 468 Crusius

447 585 507 672 τὴν
528 590 641 673 κέρκον
665 576 758 668 ύψας
778 585 835 648 καὶ
858 584 948 650 λίνον
970 608 1004 648 τι
1026 580 1221 669 προσδήσας
1233 581 1256 666 1)

449 681 556 776 ἀφῆκε
578 685 721 774 φεύγειν.
765 677 878 772 τὴνδ’
906 683 1093 761 ἐπίσκοπος
1119 683 1248 766 δαίμων

402 803 416 854 5
450 787 483 866 ἒς
506 787 565 866 τὰς
588 781 732 876 ύρούρας
753 789 812 852 τοῦ
833 785 1052 870 βλαβύντοςῖ)
1074 781 1195 873 ὡύήμει

447 889 484 956 τὸ
507 893 575 976 πῦρ
599 894 777 978 φέρουσαν.
821 875 861 975 ἦν
884 888 920 953 δὲ
942 889 1045 975 ληίων
1067 879 1135 975 ὥρη

449 995 504 1058 καί
527 993 708 1068 καλλίπαις
730 985 855 1078 ύμητος
878 987 1024 1055 ἐλπίδων
1047 988 1185 1077 πλήρης.

450 1092 468 1160 ὃ
493 1085 523 1158 δ’
548 1086 728 1182 ἠκολούθει
749 1089 807 1157 τὸν
830 1089 936 1156 πολύν
957 1089 1064 1158 κόπον
1085 1092 1219 1170 κλαίων,
1237 1177 1240 1184 γ

452 1188 525 1262 οὐδ’
552 1191 638 1260 sitien
661 1189 762 1262 αύτού
783 1191 843 1281 τὴν
868 1185 962 1258 ύλωα
984 1191 1155 1281 Δημήτηρ.

277 1298 427 1381 Aliquam
456 1299 571 1364 saltem
599 1297 699 1363 habet
728 1296 989 1382 probabilitatem
1019 1316 1060 1361 ex
1090 1295 1203 1362 eodem
1228 1294 1332 1379 fonte,
1363 1314 1424 1378 quo

278 1399 386 1467 Ouidii
408 1400 474 1481 illa,
497 1399 638 1466 fabulum
653 1399 763 1465 Babrii
780 1397 920 1464 fluxisse.
957 1399 1042 1464 Nam
1056 1396 1089 1462 in
1102 1396 1269 1464 notissima
1284 1395 1325 1462 de
1344 1395 1422 1462 Sim-

278 1521 356 1569 sone
378 1502 559 1568 narratione
581 1501 649 1568 Iud.
673 1521 699 1566 e.
726 1507 779 1584 15,
809 1520 905 1583 quam
927 1500 1012 1566 Roth
1034 1497 1258 1578 Lundsberger
1279 1498 1425 1579 Hartung'

277 1604 389 1670 Keller
410 1601 463 1686 (ei.
478 1624 509 1687 p.
528 1609 587 1669 146
603 1601 666 1688 sq.)
689 1603 783 1669 huius
804 1603 934 1668 fabulae
959 1601 1202 1668 fundamentum
1225 1620 1295 1667 esse
1317 1601 1421 1667 uolue-

277 1711 364 1789 runt,
393 1725 464 1771 eum
487 1705 642 1772 Simsonis
670 1705 836 1772 eonsilium
865 1705 961 1790 plane
989 1701 1077 1768 aliud
1100 1708 1149 1769 est
1169 1707 1266 1784 atque
1287 1700 1424 1769 hominis
1539 1695 1540 1710 λ

277 1807 428 1873 Bebriani
444 1805 669 1890 Ouidianique,
691 1810 758 1871 tum
781 1806 885 1873 exitus
908 1811 957 1871 est
979 1803 1155 1871 contrarius
1166 1803 1209 1886 3):
1236 1803 1351 1870 eodem
1373 1804 1423 1871 uel

277 1909 374 1976 etiam
395 1907 516 1974 maiore
538 1908 606 1972 iure
629 1925 712 1988 quae
733 1905 1007 1974 Pseudolueianus
1032 1911 1141 1972 narrat
1161 1905 1251 1972 Asin.
1270 1905 1347 1989 31⁴)
1369 1927 1423 1992 pro

277 2013 364 2076 lente
392 2009 532 2075 fabellae
554 2008 735 2075 Bubrianae
760 2009 901 2075 uendere
922 2008 1035 2092 possis.
1081 2007 1230 2075 (letarum
1251 2007 1423 2074 notandum

278 2117 326 2176 est
353 2110 437 2176 hane
464 2109 517 2174 uel
545 2109 682 2175 similem
713 2111 780 2177 eius
806 2110 948 2177 fabulam
970 2108 1136 2175 Alfredum
1160 2108 1201 2174 de
1223 2109 1423 2192 Gubemalis

278 2210 332 2293 qui
363 2209 491 2292 quidem
519 2211 656 2276 labellus
678 2211 869 2306 mythosque
895 2212 1035 2277 omnium
1058 2213 1123 2277 lere
1145 2211 1334 2295 populorum
1356 2231 1422 2296 per·

277 2394 338 2433 eum
355 2377 442 2447 ipsam
458 2377 532 2431 illam
549 2378 686 2433 notionem
703 2378 802 2432 habeat
814 2375 895 2442 ξυνὸς,
914 2377 948 2432 cf.
958 2376 1177 2432 Pseudo-Timon
1190 2395 1219 2429 π.
1230 2379 1314 2447 ψυχᾶς
1325 2375 1424 2446 κόσμου

276 2480 303 2532 p.
319 2467 367 2516 104
385 2461 419 2515 D.
442 2461 518 2524 ξέναι
535 2467 664 2532 τιμωρίαι
682 2463 786 2528 (Babrii
804 2464 876 2530 αἰκίη
894 2462 998 2530 etipsa
1016 2462 1073 2516 fere
1092 2465 1135 2516 est
1152 2481 1222 2529 τιμ,
1247 2461 1281 2516 cf.
1300 2462 1319 2516 ί.
1334 2457 1376 2528 93,
1391 2467 1423 2530 3),

276 2547 343 2600 Lue.
358 2545 437 2603 Char.
458 2551 486 2600 13
506 2545 599 2608 ξένον.
610 2588 616 2601 .
628 2588 633 2600 .
644 2548 767 2618 πρᾶγμα
792 2550 935 2616 praeterea
951 2547 1034 2602 Anth.
1044 2546 1103 2600 Pal.
1113 2545 1146 2612 V,
1160 2551 1192 2600 46
1213 2546 1356 2615 ipsumque
1373 2548 1423 2602 Βε-

275 2631 364 2686 brium
381 2629 534 2686 Eberhardi
550 2629 567 2684 f.
581 2635 637 2696 1411,
648 2637 671 2685 5.

365 2720 388 2781 1)
406 2713 505 2769 Mirum
522 2719 564 2769 est
582 2714 653 2783 quod
672 2715 759 2770 cauda
776 2716 851 2783 prius
875 2715 1042 2780 incenditur,
1061 2731 1141 2784 quam
1158 2720 1259 2784 stuppa
1277 2716 1302 2770 ei
1319 2731 1424 2771 annexu

276 2801 321 2854 sit.
354 2799 452 2854 Melius
470 2808 497 2854 et
516 2799 621 2868 plenius
638 2799 814 2868 paraphrasis
832 2799 981 2854 Bodleiana
998 2799 1016 2853 f.
1034 2805 1050 2853 9
1067 2800 1121 2854 Kn.
1140 2804 1183 2863 (ε.-
1196 2799 1225 2854 0.
1242 2816 1268 2868 p.
1282 2805 1326 2866 99,
1344 2802 1423 2856 Babr.

274 2884 345 2941 Ebh.
355 2901 383 2954 p.
394 2890 437 2950 97)
455 2884 577 2938 exhibet:
597 2888 735 2938 στυππεῖα
753 2882 835 2950 ἐλαίῳ
853 2889 1022 2957 βεβρεγμένα
1038 2887 1072 2958 τῇ
1088 2880 1155 2956 οὐρᾷ
1168 2881 1324 2956 προσδήσας
1335 2881 1424 2956 ὑφῆψε

275 2977 303 3025 et
320 2968 443 3023 Parisina
462 2969 490 3023 G.
505 2985 533 3037 p.
550 2972 613 3023 352:
638 2972 789 3022 στυππεῖον
807 2966 889 3035 ἐλαίῳ
908 2975 1053 3037 βαπτίσας,
1070 2970 1104 3042 τῇ
1123 2974 1209 3039 κε’ρκῳ
1226 2965 1327 3036 ταύτηε
1345 2990 1423 3041 προσ·

276 3051 358 3121 δήσας
374 3049 466 3124 ὑφῆψε
484 3059 551 3125 πυρί
557 3075 562 3106 :
581 3053 652 3107 unde
670 3054 788 3122 suspicio
807 3054 937 3121 oboritur,
956 3069 1087 3109 uersum
1107 3054 1201 3108 illum
1218 3070 1235 3109 a
1253 3053 1424 3110 diasceuastn

276 3155 291 3194 e
309 3139 447 3195 duobus
465 3141 680 3193 contractum
699 3153 765 3192 esse.

361 3228 386 3286 2)
405 3221 564 3292 Βίαβόντοε
585 3228 627 3276 est
648 3222 754 3291 egregia
774 3223 903 3279 Ahrentis
922 3225 1054 3279 correctio
1071 3223 1131 3278 iure
1149 3223 1183 3277 ab
1203 3223 1365 3280 Eberhardo
1382 3239 1424 3280 re·

277 3312 364 3376 cepta,
381 3322 431 3377 pro
450 3323 504 3376 qua
522 3307 615 3362 Naber
631 3308 648 3361 l.
658 3324 680 3362 s.
691 3323 712 3362 s.
722 3323 749 3376 p.
760 3311 807 3361 121
827 3307 951 3377 flagitare
967 3324 1023 3364 non
1040 3308 1157 3363 debebat
1174 3307 1267 3363 Orellii
1285 3306 1424 3377 λαβόντα.

361 3395 387 3459 3)
404 3391 480 3446 Idem
497 3393 571 3446 ualet
589 3391 623 3446 de
639 3391 734 3446 fabula
749 3391 785 3445 H.
796 3392 926 3447 61¹⁵=F.
937 3397 984 3448 221
1005 3393 1040 3448 ab
1052 3393 1209 3462 Aphthonio
1227 3393 1272 3448 uel
1290 3395 1343 3450 alio
1359 3411 1424 3465 quo·

275 3476 337 3532 dam
358 3475 481 3545 sophista
503 3475 641 3543 coniecta,
662 3477 715 3532 nisi
737 3477 809 3548 quod
831 3477 938 3533 initium
959 3478 1052 3548 paullo
1070 3478 1184 3548 propius
1201 3478 1279 3532 abest
1296 3493 1313 3532 a
1330 3491 1424 3533 narru-

274 3563 347 3618 tione
363 3560 485 3616 Iudaica.

360 3654 386 3712 l)
403 3641 478 3699 Ἐπεί
497 3641 529 3697 (λε’
543 3663 612 3698 ποτε
628 3642 704 3709 ἅπαξ
721 3643 771 3710 λὰξ
788 3651 908 3713 ύκίνησα,
925 3645 996 3712 εἶχεν
1013 3641 1054 3697 ἀεὶ
1072 3649 1154 3700 τοῦτο
1171 3645 1203 3700 τὸ
1222 3645 1271 3709 λὰξ
1283 3649 1314 3700 lv
1324 3643 1424 3718 μνήμῃ.

275 3738 322 3785 καί
345 3750 413 3786 ποτε
437 3727 573 3783 κολούεται
596 3735 748 3784 στυππεῖον
771 3731 801 3793 ἐξ
824 3731 914 3804 ἑτέρου
937 3735 1036 3803 χωρίου
1059 3731 1096 3784 εἰς
1119 3735 1212 3800 ἕτερον
1232 3737 1334 3801 χωρίον
1350 3749 1424 3799 μετε-

274 3821 393 3890 νεγκεῖν·
418 3822 529 3885 κομίσειε
549 3808 598 3868 οὖν
614 3835 648 3884 με
665 3819 711 3866 καὶ
728 3811 760 3867 τὸ
778 3819 929 3868 στυππεῖον
946 3815 979 3868 τὸ
997 3812 1066 3868 πολύ
1085 3814 1256 3888 συνενεγκών
1277 3812 1425 3883 κατέδησεν

275 3899 320 3957 ἐπ’
341 3903 388 3970 ἐμὲ
403 3940 410 3956 .
426 3939 432 3954 .
449 3940 455 3953 .
471 3903 531 3955 ἐπεὶ
549 3896 580 3953 δὲ
596 3905 722 3972 προϊέναι
743 3896 841 3953 λοιπὸν
858 3896 926 3964 ibet,
944 3903 974 3951 ίκ
992 3899 1038 3966 τῆε
1056 3900 1147 3953 ἑστίας
1164 3899 1265 3972 alipes
1282 3897 1368 3954 δαλὸν
1385 3903 1425 3952 ὅτι

274 3982 396 4056 θερμόν,
419 3982 513 4052 ἐπειδὴ
536 3984 631 4060 πύρρω
654 3987 701 4051 τῆε
723 3979 803 4051 αύλῆε
824 3983 993 4056 ἐγενόμεθα,
1016 3981 1049 4036 τὸ
1070 3979 1155 4038 balbe
1175 3987 1323 4056 ἐνέκρυψεν
1341 3985 1377 4038 εἰς
1393 3980 1424 4036 τὸ

274 4075 434 4124 στυππεῖον.
468 4071 500 4123 τὸ
519 4066 549 4122 δὲ
566 4109 573 4122 .
592 4109 598 4125 .
617 4109 624 4122 .
643 4066 726 4122 aubrie
743 4065 907 4136 ἀνάπτεται,
928 4071 973 4121 καὶ
995 4065 1091 4121 ίσιπὸν
1111 4065 1193 4124 οὐδὲν
1209 4072 1309 4140 ἔφερον
1326 4067 1392 4122 ἄλλο
1408 4065 1424 4118 ί

274 4155 330 4226 πῦρ
347 4151 466 4209 ἄπλετον
484 4151 541 4207 κτλ.
