3138 4872
621 435 654 489 de
672 436 765 491 Babrii
783 437 879 490 aetate.
1267 429 1327 490 135

179 608 299 694 pendet
320 608 480 673 sententia
501 607 622 672 nullam
644 605 743 673 babet
765 628 827 673 non
851 607 945 674 modo
960 608 1191 692 necessitatem,
1215 607 1274 675 sed
1289 627 1329 674 ne

180 711 326 776 umbram
354 709 484 792 quidem
506 701 756 792 probabilitatis}
785 729 858 774 nam
881 711 978 794 plane
1005 709 1094 775 aliud
1122 715 1171 776 est
1201 709 1329 775 fabulas

178 813 345 896 Aesopeas
367 817 520 892 tanquam
543 817 763 876 ornamentum
786 810 982 892 quibuslibet
1002 811 1159 896 poematis
1175 810 1267 892 quasi
1282 811 1327 876 in·

179 920 289 981 texere
304 949 345 959 -
364 912 399 978 id
422 913 508 994 quod
530 910 746 976 Callimachus
768 911 853 994 iecit,
875 920 911 979 ut
933 914 1026 980 multi
1045 919 1122 986 ¹ante
1145 911 1256 995 enm1)
1279 947 1328 993 -‚

179 1016 268 1083 aliud
289 1014 369 1100 ipsis
384 1014 500 1080 fabulis
515 1013 672 1096 Aesopeis
695 1011 882 1093 singillatim
907 1014 1092 1100 compositis
1113 1033 1231 1081 nouum
1253 1033 1329 1096 poe-

72 1189 73 1192 *
179 1117 225 1184 sis
253 1136 354 1202 genus
368 1142 369 1146 ¹
384 1115 535 1198 condere,
566 1112 652 1199 quod
674 1114 785 1180 Babrii
812 1116 899 1198 apud
928 1116 1067 1184 Graecos
1096 1123 1145 1182 est
1172 1116 1329 1181 meritum.

180 1217 304 1284 Eodem
325 1219 392 1283 fere
413 1217 491 1298 iure,
515 1235 577 1298 quo
600 1221 675 1282 ante
696 1215 927 1283 Callimachum
950 1219 1118 1302 Berghius‚
1140 1222 1215 1284 ante
1231 1217 1328 1282 Stesi-

180 1320 312 1386 chorum
327 1318 524 1386 Simonidem
547 1322 669 1384 cetems
692 1317 747 1398 qui
769 1318 963 1385 carminibus
985 1321 1050 1386 suis
1068 1321 1195 1386 fabulas
1209 1319 1328 1384 inseru-

181 1427 282 1504 erunt,
304 1421 456 1487 Babrium
478 1419 599 1486 uixisse
621 1418 810 1485 concludere
831 1421 952 1504 possis:
975 1441 1079 1504 neque
1105 1422 1190 1488 enim
1211 1421 1244 1486 in
1258 1439 1330 1504 pro-

181 1524 285 1590 oemio
307 1523 339 1588 ΙΙ
361 1543 399 1589 eo
417 1521 552 1587 Babrins
574 1519 737 1602 gloriatur,
761 1521 846 1600 qnod
869 1520 1049 1590 choliambo
1068 1528 1183 1606 utatur,
1206 1520 1266 1588 sed
1281 1541 1329 1604 eo,

181 1625 268 1708 quod
282 1625 402 1708 Aesopi
421 1623 548 1688 fabulas
570 1620 738 1705 pedestres
756 1621 900 1690 uersibus
916 1623 1195 1708 concinnauerit2).
1235 1625 1329 1689 Prae-

181 1733 270 1794 terea
285 1726 362 1810 quid
376 1745 435 1790 nos
449 1723 593 1806 impedit,
617 1723 784 1803 quominus
799 1724 952 1790 Babrium
967 1725 1157 1792 Callimachi
1173 1725 1247 1791 illos
1262 1744 1329 1790 uer-

181 1829 299 1894 siculos
320 1827 439 1911 fugisse
461 1823 632 1911 putemus?
677 1823 769 1891 Certe
791 1845 855 1890 non
876 1825 1056 1911 impediunt
1078 1825 1209 1910 Bergkii
1230 1825 1331 1892 uerba

181 1930 318 1996 decretis
333 1948 429 2010 quam
444 1925 640 2008 argumentis
656 1925 823 1992 similiora:
846 1921 909 1992 ‘we
926 1933 1011 1993 must
1024 1927 1146 2013 wholly
1161 1927 1263 2012 reject
1276 1927 1330 1992 the

180 2031 256 2098 idea
278 2033 311 2096 of
332 2051 396 2114 any
418 2026 595 2113 pretended
616 2027 790 2112 ignorance
811 2029 845 2094 of
865 2027 915 2094 his
941 2029 1181 2113 predecesscrs‚
1209 2049 1245 2095 or
1266 2048 1331 2112 any

182 2133 259 2198 vain
281 2131 464 2212 overrating
486 2130 523 2196 of
541 2130 590 2194 bis
613 2147 685 2193 own
699 2148 826 2212 powers
841 2131 875 2196 of
888 2129 943 2196 the
958 2136 1044 2214 polit,
1066 2132 1116 2198 for
1130 2131 1172 2196 be
1186 2130 1331 2214 strongly

180 2233 326 2300 declares
348 2233 427 2316 that,
450 2232 483 2296 in
504 2231 662 2298 imitation
684 2233 717 2296 of
737 2230 812 2313 him,
836 2232 927 2297 other
949 2233 1072 2299 writers
1097 2251 1183 2299 were
1202 2229 1330 2298 excited

180 2341 214 2402 to
237 2355 256 2398 a
278 2333 400 2401 similar
421 2333 546 2418 species
568 2333 604 2398 of
620 2324 752 2417 poetry?
792 2333 908 2397 Parum
930 2333 1028 2418 igitur
1043 2341 1164 2400 certum
1180 2339 1228 2400 est
1244 2333 1330 2416 quod

180 2456 223 2500 ex
238 2435 348 2502 Babrii
362 2435 428 2500 illis
443 2441 475 2499 et
490 2434 679 2500 Callimachi
693 2433 839 2500 uersibus
857 2432 1015 2514 Berghius
1030 2431 1228 2518 conclusit3).
1259 2435 1329 2514 Quo

181 2536 276 2618 quasi
304 2535 410 2601 medio
438 2555 518 2602 saxo
539 2535 643 2601 soluto
666 2535 814 2601 uniuersa
836 2535 1085 2602 ratiocinationis
1107 2536 1193 2604 illius
1216 2557 1328 2604 conca·

179 2638 325 2720 meratio,
349 2637 428 2702 satis
448 2637 648 2719 illa‘quidem
664 2657 771 2722 perse
786 2636 871 2718 laxa,
893 2656 958 2702 una
974 2637 1127 2703 concidit:
1153 2635 1330 2705 Alexandri

270 2827 293 2886 1)
314 2821 376 2876 Duo
395 2819 552 2875 Callimachi
572 2821 723 2889 fragmenta
746 2819 875 2875 hahemus
893 2819 961 2874 haec
979 2829 1022 2886 (ε
1039 2823 1072 2873 93
1091 2819 1185 2880 Schn,
1211 2821 1329 2875 Meinsk.

181 2905 324 2960 choliamb
335 2920 361 2973 p.
375 2909 431 2970 157,
442 2905 502 2960 VII.
513 2906 586 2972 vill)
595 2927 601 2960 ε
611 2943 614 2948 -
623 2912 644 2958 1.
660 2903 754 2959 Ἄκουε
772 2901 805 2970 δὴ
822 2901 873 2956 τὸν
891 2903 980 2956 αἶνον·
999 2901 1029 2956 ἓν
1043 2922 1106 2956 κοτε
1125 2901 1228 2973 Τμώλῳ
1241 2908 1249 2972 ΙΙ
1264 2902 1331 2976 dap-

181 3011 233 3056 νην
251 2989 328 3062 ἐλαίῃ
346 2993 432 3041 νεῖκος
449 2989 476 3042 οἱ
492 2987 577 3043 πάλαι
594 2987 686 3042 Λυδοί
703 2991 713 3058 h
731 2987 835 3061 λέγουσι
853 2989 1013 3043 θέσθαι...
1049 2993 1073 3042 2.
1096 2987 1150 3061 dyo)
1168 2985 1198 3042 δὲ
1216 2987 1331 3043 πάντων

181 3077 237 3142 εἰμὶ
260 3071 397 3146 δενδρέων
420 3071 508 3142 φαύλη
526 3075 551 3143 Ιιι
577 3090 646 3143 quae
667 3075 732 3144 quin
754 3089 787 3127 ex
805 3074 898 3128 eadem
915 3073 1009 3128 fabula
1027 3075 1186 3144 deprompta
1204 3075 1259 3128 sint
1276 3089 1331 3128 non

181 3159 317 3215 dubitabis
336 3157 435 3214 collata
452 3159 515 3212 Aes.
534 3159 624 3213 Halm.
642 3159 662 3214 f.
678 3163 726 3213 124
739 3159 862 3213 =Walz
879 3158 948 3212 rhet.
961 3159 1014 3212 Gr.
1034 3159 1055 3224 1,
1074 3175 1099 3227 p.
1113 3163 1161 3212 ast
1180 3158 1330 3226 (Nicolaus)

181 3251 210 3300 et
227 3243 320 3298 Babrii
337 3247 379 3297 64.
416 3242 549 3297 Fabulam
573 3247 664 3298 autem
687 3244 762 3298 illam
786 3258 855 3312 quae
873 3242 1031 3298 Callimachi
1054 3259 1109 3298 una
1134 3243 1212 3297 nobis
1229 3243 1330 3298 tradita

182 3335 239 3394 est,
265 3329 394 3382 insertam
411 3327 496 3382 fuisse
515 3328 627 3382 carmini
644 3329 747 3393 maiori,
765 3330 825 3396 ipsa
840 3324 935 3380 Ἄκουε
952 3325 985 3393 δὴ
1002 3325 1052 3380 τὸν
1070 3327 1149 3380 αἶνον
1172 3328 1256 3382 uerba
1274 3329 1329 3382 cla-

181 3419 268 3478 mant,
291 3427 361 3481 quae
383 3413 501 3467 formula
524 3412 592 3466 satis
614 3411 753 3482 popularis
777 3428 832 3467 non
852 3412 997 3467 adhibetur
1012 3412 1065 3466 nisi
1081 3412 1134 3467 hac
1151 3413 1271 3477 ratione,
1294 3412 1329 3466 cf.

180 3497 277 3566 Eurip.
287 3497 345 3552 Ion.
356 3501 419 3551 336:
438 3494 517 3549 ἄκουε
535 3494 569 3564 δὴ
585 3495 635 3550 τὸν
649 3497 743 3564 μῦθον
755 3497 854 3551 etHec.
866 3500 915 3550 834
925 3495 1018 3564 Suppl.
1030 3501 1077 3550 857
1088 3497 1144 3551 lon.
1157 3501 1233 3552 ¹539:
1252 3493 1331 3548 ἄκουε

182 3578 223 3648 δὴ,
246 3581 316 3636 Plat.
331 3581 411 3650 Gorg.
423 3586 471 3636 523
482 3583 520 3634 A:
538 3577 616 3634 ἄκουε
634 3578 668 3648 δὴ
678 3621 684 3634 .
695 3621 701 3635 .
713 3579 798 3650 ,μάλα
815 3579 898 3634 καλοῦ
915 3579 1003 3653 λόγου,
1021 3580 1089 3634 Tim.
1100 3585 1132 3635 20
1144 3582 1182 3636 D:
1201 3580 1279 3634 ἄκουε
1297 3578 1331 3649 δὴ

182 3705 206 3718 ..
219 3707 224 3719 ,
237 3665 349 3738 λόγου..
362 3660 490 3730 ,deducu
508 3681 585 3735 prou.
596 3681 659 3736 app.
669 3667 690 3732 Ι,
702 3672 734 3721 14
745 3667 945 3736 (paroemiogrr.
954 3666 967 3718 Ι
976 3682 1002 3734 p.
1013 3669 1086 3727 381t:
1105 3661 1183 3718 ducos
1202 3663 1236 3732 δὴ
1247 3668 1329 3720 κακοῦ

183 3747 276 3822 λόγου,
300 3765 369 3819 quae
393 3765 427 3804 ex
450 3750 607 3806 Archilochi
631 3751 725 3820 epodis
743 3751 904 3821 deprompta
924 3765 984 3805 esse
1001 3750 1134 3818 Bergkius
1151 3750 1215 3820 lyrr.
1234 3768 1261 3821 p.
1281 3757 1329 3807 732

183 3835 291 3892 conicit.
322 3834 406 3890 Simili
423 3835 530 3889 ratione
545 3835 666 3890 fabulam
678 3835 831 3906 Aesopeam
842 3835 871 3888 in
883 3835 1049 3902 tragoediam
1061 3834 1169 3889 induxit
1180 3836 1330 3906 Aeschylus

183 3919 379 3974 fr.129Dind.:
400 3905 451 3972 ὧδ’
463 3922 522 3973 ἐστὶ
539 3919 643 3988 μύθων
661 3923 719 3974 τῶν
736 3919 917 3988 Λιβυστικῶν
934 3915 1007 3971 κλέος
1023 3916 1080 3972 κτλ.
1107 3919 1220 3975 Rectum
1238 3921 1271 3976 de
1289 3922 1330 3976 his

184 4003 291 4072 quidem
307 4003 479 4071 Hertzbergii
495 4009 537 4060 est
554 4004 683 4060 iudicium
700 4021 728 4074 p.
748 4008 804 4060 162.

269 4091 295 4153 2)
312 4087 372 4142 Hoc
382 4088 507 4143 concludi
515 4093 606 4156 potest
615 4104 648 4144 ex
657 4103 776 4160 prooem.
787 4088 814 4140 11
824 4103 851 4142 u.
862 4091 935 4153 1-8‚
946 4086 1006 4140 coll.
1016 4089 1158 4156 prooemi
1172 4106 1217 4144 uu.
1227 4094 1258 4144 16
1272 4105 1330 4158 sqq.

269 4175 294 4238 3)
313 4172 450 4227 Ascensus
467 4173 546 4227 estet
559 4167 918 4241 unusWagener‘rappcrts
934 4175 1010 4226 entre
1024 4173 1064 4228 les
1080 4167 1329 4244 apologues'p.14.
