3118 4870
269 387 331 448 278
688 385 859 442 Hermannus
879 385 1004 442 Goumitz

216 563 220 568 '
268 563 368 646 Kays.
393 565 528 643 exstare,
552 558 675 625 circiter
697 560 759 622 920
782 555 838 639 (=
853 577 879 622 o.
895 559 935 620 23
951 555 1061 641 pagg.)
1086 575 1158 624 esse
1173 557 1317 622 amissos.
1356 557 1419 622 llx-

269 671 334 731 stat
355 663 451 745 igltur
472 661 544 744 plus
566 659 660 725 tertia
682 678 773 743 pars3
798 679 816 724 e
839 660 939 725 tribus
969 659 1053 725 duae
1071 665 1178 743 partes
1194 658 1320 741 desunt,
1343 676 1419 739 qua-

268 785 337 830 rum
359 756 496 849 partium
519 760 757 846 deperditarum
778 761 865 846 prior
892 759 968 843 (134
990 779 1073 826 uero.
1088 789 1132 810 =
1151 764 1184 822 11
1204 758 1314 843 pagg.)
1338 758 1421 824 inter

268 867 305 933 fr.
329 867 354 948 Ι,
380 871 392 928 1
419 869 451 930 et
472 865 513 946 11,
539 867 552 926 1
578 861 788 928 desideratur.
832 861 917 928 Illud
939 862 1021 927 bene
1044 862 1194 927 obsernes
1216 859 1314 926 uelim
1337 859 1421 926 inter

269 968 395 1048 singula
416 966 510 1032 unius
533 963 685 1046 cuiusque
701 964 801 1048 partis
825 963 877 1044 (ba
892 984 917 1045 r,
938 967 970 1038 ¹lc
985 963 1014 1045 r)
1031 961 1217 1046 fragmenta,
1240 967 1333 1046 prout
1348 981 1419 1028 sen·

269 1088 322 1135 sus
345 1075 377 1134 et
399 1085 538 1133 conexus
560 1067 716 1149 postulat,
737 1083 849 1132 uersus
871 1063 1054 1149 deperditos
1077 1083 1148 1130 esse
1170 1062 1418 1130 distribuendos.

353 1171 422 1234 Iam
444 1169 540 1233 liceat
561 1165 639 1230 mibi
662 1166 976 1250 dispositionem
1008 1165 1104 1232 totius
1128 1163 1279 1232 orationis
1304 1183 1420 1249 propo·

269 1291 361 1353 nere,
390 1288 491 1351 eaque
517 1286 600 1349 quae
628 1267 670 1333 ad
698 1269 867 1334 nonnullos
896 1268 984 1334 locos
1014 1254 1200 1333 adnotanda
1228 1266 1420 1332 uidebantur

271 1391 350 1454 esse,
373 1391 413 1437 ne
428 1370 638 1456 perspicuitas
654 1369 823 1453 minuatur,
846 1368 1105 1436 adnotationibus
1127 1369 1210 1435 infra
1232 1367 1352 1434 additis
1373 1367 1420 1432 ita

271 1473 441 1558 explicare,
464 1479 499 1538 ut
514 1471 617 1554 simul,
642 1470 748 1553 quoad
763 1471 831 1536 eius
849 1469 918 1536 fieri
933 1471 1058 1554 poterit,
1082 1469 1122 1535 de
1145 1469 1268 1551 aliquot
1289 1469 1419 1536 lacuna-

269 1595 338 1640 rum
367 1581 399 1641 et
427 1574 549 1638 ambitu
578 1580 610 1638 et
638 1579 825 1658 argumento
854 1571 1040 1657 disputetur.
1084 1573 1168 1638 Nam
1197 1570 1263 1637 alia
1291 1569 1420 1651 quidem

270 1678 350 1743 bene
366 1675 461 1741 Beier
475 1673 651 1759 suppleuit3
675 1674 740 1740 alia
755 1679 862 1739 antem
877 1671 1004 1739 uidetur
1025 1671 1141 1739 iniuria
1161 1672 1316 1738 intulisse.
1353 1670 1420 1738 Sed

270 1777 330 1846 etsi
344 1778 450 1844 facere
465 1795 529 1842 non
546 1795 676 1861 possum
699 1773 776 1857 quin
797 1775 903 1856 legem
924 1772 1015 1839 illam
1037 1774 1178 1858 probem,
1201 1793 1296 1856 quam
1322 1773 1420 1837 Hal-

269 1880 370 1946 mius
387 1877 526 1962 (Mbnch.
544 1877 716 1960 Sitngsber.
735 1875 927 1959 1862.11.p.
944 1873 978 1958 9)
1001 1875 1052 1940 his
1073 1875 1181 1941 uerbis
1202 1875 1328 1940 statuit:
1352 1872 1419 1936 Zur

269 1981 445 2063 Reinipunp
474 1979 531 2042 dor
553 1978 741 2062 Fropmectc
765 1976 881 2060 peludru
906 1977 938 2038 iot
967 1977 1055 2039 einer
1082 1975 1251 2039 ltro'trloclzoo
1274 1976 1420 2058 Aurpobe

269 2081 348 2144 ottob
365 2079 415 2141 dic
430 2079 633 2162 Beoeitipuup
655 2079 713 2141 der
726 2077 920 2140 Beicrscbert
935 2077 1170 2161 Erpduzucpen
1185 2079 1217 2140 iu
1235 2075 1293 2140 dea
1308 2075 1420 2138 Redeo

265 2179 329 2266 pro
357 2180 473 2254 Tullio,
496 2181 528 2241 ic
554 2177 693 2242 Clodium
715 2179 780 2242 aad
795 2199 859 2264 pro
883 2178 1021 2253 Scauro,
1045 2179 1141 2242 deren
1163 2177 1302 2248 Lectbro
1323 2177 1418 2240 neten

270 2282 338 2344 dem
354 2281 461 2343 echtec
479 2279 588 2344 Cicero
605 2282 693 2344 einero
711 2282 961 2364 widerwbrtipeu
975 2281 1141 2345 Eicdruclr
1156 2280 1260 2344 morht
1278 2279 1344 2342 ond
1363 2279 1420 2342 dos

277 2381 495 2446 Verstoudmts
516 2381 570 2445 dee
592 2381 772 2446 erboltenen
795 2384 870 2446 eber
891 2391 987 2456 atdrt,
1020 2383 1067 2446 ola
1083 2382 1219 2466 sordeat
1236 2433 1242 2448 .
1260 2406 1283 2448 .:
1311 2386 1418 2447 tamen

268 2485 362 2549 nimis
384 2484 590 2550 uehementer
611 2483 697 2551 idem
718 2487 768 2552 uir
789 2486 901 2553 doctus
923 2486 956 2550 in
978 2485 1126 2551 Beiernm
1148 2484 1323 2565 inuehitur,
1348 2503 1417 2549 cum

270 2585 300 2652 ei
322 2585 407 2666 qnod
429 2587 557 2669 petierit
570 2605 710 2668 unquam
726 2588 897 2676 contigisse
912 2595 1009 2672 negat
1023 2586 1183 2670 (Halmius
1198 2607 1228 2670 p.
1248 2591 1279 2650 7:
1301 2585 1352 2647 die
1367 2606 1417 2647 er-

258 2686 422 2770 solplorec
439 2686 818 2772 Restitutiocsceroocbc).
855 2689 957 2768 Immo
979 2708 1054 2755 uero
1078 2687 1232 2770 singulari
1251 2686 1417 2769 diligentia

267 2789 441 2872 iudiciique
463 2789 640 2856 subtilitate
664 2789 759 2856 Beier
780 2789 813 2854 in
834 2790 1082 2874 fragmentorum
1104 2808 1230 2856 sonsum
1253 2788 1417 2871 inquisiuit

269 2890 465 2972 disiectaque
488 2890 638 2956 orationis
660 2891 805 2956 membra
827 2893 1054 2958 sententiarum
1077 2891 1210 2957 uinculis
1226 2891 1416 2973 coniungere

268 2992 397 3058 studuit.
442 2993 490 3058 Ao
517 3012 557 3058 ne
585 2990 689 3074 ipsum
718 2993 847 3073 quidem
871 2993 951 3059 haec
973 3012 1031 3058 sua
1053 2994 1274 3078 supplementa
1294 2991 1328 3056 in
1351 2990 1414 3057 edi-

268 3093 354 3160 tione
382 3093 491 3161 critica
519 3093 707 3159 excudenda
735 3101 915 3161 curaturum
943 3095 1042 3160 fuisse
1073 3093 1261 3179 putauerim.
1313 3093 1351 3158 In
1379 3113 1416 3158 eo

268 3201 374 3260 antem
396 3195 544 3261 Beierum
566 3213 717 3278 peccasse
739 3215 871 3281 censeo,
895 3197 981 3278 quod
1003 3215 1100 3279 saepe
1126 3195 1310 3277 sententias,
1334 3213 1416 3276 quae

268 3297 298 3360 ei
327 3294 504 3363 desiderari
531 3294 736 3379 uidebantur,
766 3297 887 3364 eisdem
916 3297 1022 3364 uerbis
1044 3297 1151 3362 intulit
1173 3297 1288 3378 quibus
1309 3297 1416 3362 uerbis

268 3397 375 3478 aliquo
404 3398 475 3464 loco
505 3403 560 3463 aut
589 3395 749 3464 Ciceronis
778 3405 833 3465 aut
862 3401 944 3466 alius
973 3399 1135 3482 scriptoris
1168 3417 1338 3481 expressas
1369 3397 1416 3460 in-

267 3505 409 3564 uenerat.

354 3599 530 3683 Dispositio
554 3607 603 3666 est
624 3601 718 3666 haec:
