3118 4870
277 409 339 469 242
755 405 818 460 Otto
837 403 951 460 Crusius

363 577 428 645 Sed
446 577 565 644 Titiani
587 595 713 660 quoque
735 582 881 662 tempora
904 571 1135 641 conueniantne
1156 573 1190 639 in
1213 572 1423 639 coniecturam

277 689 418 750 nostram
442 677 615 746 uidendum
637 683 702 763 est,
731 697 814 760 quae
837 675 981 759 quaestio
1004 674 1128 760 etipsa
1157 675 1236 742 satis
1265 679 1314 740 est
1339 673 1422 738 intri-

279 789 360 867 cata,
376 801 447 847 cum
462 801 504 848 ne
519 779 560 846 do
575 799 713 865 persona
728 780 858 864 quidem
874 779 942 844 eius
957 782 1089 844 constet.
1123 777 1196 843 Duo
1212 775 1296 842 enim
1308 775 1425 841 Titiani
1535 839 1536 846 χ

278 888 404 952 fuerunt
430 883 589 965 rhetores,
618 889 711 966 pater
740 887 773 948 et
800 879 902 962 filius,
930 879 969 944 cf.
999 878 1104 963 Apoll.
1135 877 1243 944 Sidon.
1267 875 1370 960 epl,
1395 882 1425 939 1:

274 982 296 1054 ‘.
314 1038 320 1052 .
337 1037 344 1051 .
361 1003 455 1066 quem
477 982 690 1066 (Ciceronem)
712 1002 770 1048 nec
790 981 890 1048 Iulius
905 979 1050 1046 Titianus
1072 979 1131 1045 sub
1153 977 1334 1044 nominibus
1356 977 1425 1042 illu-

278 1087 389 1154 strium
411 1083 599 1151 feminarum
622 1082 720 1168 digna
742 1082 948 1149 similitudine
971 1081 1138 1164 expressit.
1182 1081 1317 1164 Propter
1342 1077 1426 1159 quod

277 1189 369 1254 illum
385 1184 483 1252 ceteri
498 1184 616 1266 quique
630 1184 914 1251 Frontonianorum
929 1186 1039 1268 utpote
1054 1185 1299 1248 consectaneum
1321 1199 1426 1247 aemn-
1536 1189 1537 1194 ’

241 1333 249 1351 .
279 1291 346 1370 lati,
370 1307 425 1352 our
440 1291 641 1352 ueternosum
656 1284 784 1351 dicendi
798 1305 898 1370 genus
912 1285 1097 1367 imitaretur,
1121 1287 1280 1348 oratorum
1303 1281 1426 1347 simiam

279 1377 567 1472 nuncupauerunt',
591 1391 623 1452 et
637 1386 694 1452 Iul.
712 1386 910 1470 Capitolinus
924 1385 1087 1451 Maximin.
1104 1384 1171 1449 Iun.
1186 1385 1212 1468 I,
1228 1389 1247 1447 5
1266 1381 1323 1466 (=
1334 1385 1427 1449 Peter

280 1491 387 1577 script.
403 1489 474 1554 hist.
487 1488 568 1572 Aug.
581 1487 621 1570 ΙΙ,
634 1490 685 1572 21,
698 1487 767 1571 tol:
785 1483 1014 1554 ‘Grammatico
1029 1487 1143 1567 Latino
1159 1505 1234 1551 usus
1250 1488 1298 1551 est
1312 1482 1425 1567 (Maxi-

209 1611 218 1622 ·
279 1593 384 1659 minus
405 1587 522 1673 iunior)
544 1587 747 1670 Philemone,
776 1589 853 1655 iuris
878 1587 981 1672 perito
1003 1586 1199 1668 Modestino,
1228 1591 1354 1652 oratore
1376 1584 1425 1650 Ti-

280 1695 376 1776 tiano,
392 1692 458 1758 filio
474 1691 593 1756 'litiani
608 1690 751 1775 senioris,
767 1691 822 1772 qui
836 1689 1069 1774 prouinciarum
1085 1688 1184 1753 libros
1199 1686 1427 1770 pulcherrimos

280 1795 407 1881 scripsit
422 1793 523 1874 etqui
538 1791 642 1858 dictus
661 1798 709 1858 est
730 1792 824 1857 simia
845 1790 998 1874 temporis
1020 1788 1078 1872 sui,
1102 1787 1187 1870 quod
1210 1795 1323 1854 cuncta
1345 1794 1428 1854 esset

279 1886 447 1980 imitatus'.
492 1895 541 1960 De
564 1893 691 1958 Titiano
713 1892 835 1958 iuniore
860 1892 956 1958 etiam
986 1891 1183 1957 accuratiora
1210 1889 1362 1956 docemur
1388 1889 1426 1954 ab

279 1996 421 2065 Ausonio
438 2000 517 2077 grat.
533 2001 595 2060 act.
610 2015 641 2078 p.
659 1998 716 2057 711
735 2013 782 2074 sq.
798 1993 890 2076 Toll,
907 1995 969 2056 270
987 1992 1073 2076 Bip.:
1093 1986 1148 2056 ‘ut
1169 2009 1292 2056 rursum
1314 1990 1426 2070 aliquis

280 2098 445 2164 adiciet..
463 2146 469 2161 .
504 2095 619 2160 Nonne
641 2093 718 2160 olim
741 2099 773 2159 et
794 2093 882 2178 apud
904 2098 1028 2160 ueteres
1050 2092 1143 2176 multi
1171 2089 1328 2158 eiusmodi
1357 2091 1425 2156 doo-

281 2201 366 2262 tores
380 2195 530 2262 fuerunt?
558 2215 600 2259 an
616 2201 648 2260 tu
664 2195 751 2261 solus
766 2201 955 2279 praeceptor
969 2194 1129 2275 Augusti?
1157 2195 1254 2260 immo
1278 2211 1337 2274 ego
1360 2211 1426 2256 oum

281 2298 389 2362 multis
404 2297 590 2362 coniunctus
606 2293 719 2379 officio,
742 2294 799 2361 sed
816 2315 885 2362 oum
901 2295 1101 2380 paucissimis
1116 2301 1256 2361 secretus
1274 2292 1426 2377 exemplo.

281 2399 364 2464 Nolo
380 2396 578 2464 Constantini
593 2402 770 2482 temporum
785 2401 897 2464 taxare
916 2398 1071 2481 collegas:
1096 2397 1250 2463 Caesares
1272 2395 1426 2462 doceban-

281 2505 347 2584 tur;
370 2499 535 2582 superiora
550 2499 740 2582 contingam.
774 2499 874 2564 Diues
890 2498 1022 2582 Seneca,
1045 2517 1104 2564 nec
1118 2503 1226 2564 tamen
1248 2499 1358 2564 consul
1374 2549 1380 2562 .
1397 2547 1424 2561 ..

283 2599 495 2679 Quintilianus
517 2599 696 2666 consularia
717 2617 774 2683 per
796 2598 994 2664 Clementem
1023 2604 1208 2664 ornamenta
1231 2598 1426 2665 sortitus...

282 2701 448 2782 Quomodo
460 2701 606 2766 ‘litianus
618 2699 860 2782 magisterlsed
871 2699 1028 2782 gloriosus
1038 2701 1094 2766 ille
1106 2699 1329 2784 municipalem
1341 2699 1426 2766 scho-

281 2805 346 2868 lam
364 2801 451 2886 apud
462 2801 678 2868 Visontionem
693 2799 945 2884 Lugdunumque
960 2800 1125 2883 uariando,
1148 2821 1211 2868 non
1234 2808 1341 2868 aetate
1363 2801 1424 2882 qui-

282 2903 356 2968 dem
378 2901 434 2969 sed
457 2902 581 2968 uilitate
604 2901 768 2968 consenuit
789 2953 820 2968 ..
839 2893 874 2967 ἵε
896 2901 980 2967 unde
994 2903 1058 2968 iam
1074 2901 1207 2968 Vinctus
1222 2923 1253 2986 p.
1271 2907 1332 2967 713
1348 2902 1426 2968 Toll.

282 3012 314 3071 et
330 3003 542 3084 Cannegieter
557 3004 577 3068 l.
593 3023 617 3068 s.
634 3024 658 3069 s.
674 3023 705 3087 p.
723 3006 784 3066 274
803 3009 882 3070 extr.
906 3003 1101 3087 collegerunt
1123 3003 1206 3069 huno
1227 3004 1389 3069 ‘litianum
1410 3023 1428 3068 a

282 3104 439 3190 discipulo
463 3103 600 3170 Caesare
623 3103 665 3168 ad
687 3123 825 3180 summos
846 3105 982 3172 honores
1004 3111 1149 3171 euectum
1172 3125 1252 3190 esse,
1279 3105 1338 3172 sed
1360 3112 1429 3189 post

282 3226 393 3273 necem
410 3205 477 3272 eius
497 3199 542 3269 ‘in
557 3211 750 3272 contemtum
765 3208 892 3274 uenisse
908 3207 948 3272 ob
968 3205 1076 3272 odium
1099 3207 1238 3289 tyranni·
1249 3212 1281 3272 et
1303 3206 1429 3274 ludente

282 3310 425 3374 Fortuna
439 3327 460 3372 a
474 3308 639 3372 consulatu
654 3305 697 3372 ad
718 3307 861 3375 scholam
882 3298 1027 3374 rediisse'
1038 3305 1072 3389 ¹).
1108 3308 1177 3372 Iam
1192 3308 1355 3374 Titianum
1376 3328 1429 3391 pa-

283 3457 377 3512 fabula
394 3455 510 3510 Parisini
527 3486 559 3494 -
578 3456 624 3525 qui
641 3456 802 3512 Bouehierio
823 3475 850 3527 p.
867 3462 915 3512 495
939 3460 1008 3512 teste
1030 3455 1103 3511 illius
1126 3461 1168 3510 est
1185 3458 1284 3512 aetatis
1303 3471 1430 3512 -omne

282 3542 336 3596 iam
357 3556 442 3610 genus
465 3540 620 3594 inueniatur
644 3543 857 3610 corruptelarum
875 3542 1060 3610 (glossemata,
1082 3541 1167 3595 uerba
1185 3545 1315 3610 corrupto
1333 3541 1431 3596 omissa

283 3625 375 3681 addita
392 3625 578 3694 transposita).
609 3625 666 3694 Quo
686 3626 791 3679 accedit
807 3627 880 3695 quod
897 3625 964 3680 haec
982 3625 1077 3679 fabula
1095 3625 1176 3680 latine
1193 3625 1298 3680 reddita
1310 3626 1430 3682 omnibus

284 3711 374 3767 uerbis
392 3715 501 3778 recepta
517 3714 560 3764 est
576 3710 605 3764 in
624 3724 722 3779 corpus
739 3709 804 3763 illud
822 3710 984 3780 perantiquo
998 3709 1078 3764 medii
1089 3710 1151 3763 aeui
1162 3711 1270 3765 saeculo
1284 3709 1431 3775 (Marouio-

283 3811 378 3864 gorum
395 3799 485 3849 aetate
503 3809 536 3848 ex
554 3793 678 3848 Muelleri
695 3788 737 3848 ‘de
754 3792 890 3849 Phaedro'
910 3811 937 3864 p.
957 3799 987 3848 19
1006 3794 1151 3860 sententia)
1176 3793 1336 3862 conflatum,
1363 3794 1431 3849 unde

284 3884 347 3933 ante
371 3893 441 3932 saec.
465 3877 492 3931 X
513 3877 645 3934 Romulus
667 3883 694 3932 et
716 3878 843 3947 anonymi
866 3877 1038 3934 Nilantianus
1055 3879 1362 3947 wissenburgensisque
1383 3894 1432 3934 sua

284 3960 441 4015 hauserunt.
468 3961 626 4016 Testimonii
640 3961 721 4030 igitur
734 3961 762 4015 in
775 3961 840 4016 crisi
851 3962 987 4017 Babriana
999 3963 1147 4018 auctoritas
1161 3978 1192 4018 eo
1205 3979 1260 4016 non
1268 3961 1431 4031 infringitur.

374 4048 396 4108 1)
414 4045 528 4100 Ausonii
545 4045 617 4100 hunc
635 4046 773 4100 Titianum
790 4062 845 4100 non
863 4045 1065 4116 deprimendum
1082 4062 1141 4102 esse
1153 4048 1181 4102 in
1192 4047 1279 4116 ipsius
1292 4048 1431 4116 scriptoris

285 4129 402 4182 aetatem
420 4157 452 4167 -
471 4128 542 4198 quod
559 4128 626 4184 facit
643 4129 747 4184 Teuffel
765 4133 779 4197 ξ
798 4135 901 4196 401,11
921 4161 954 4171 -
972 4131 1062 4186 uerbis
1082 4145 1151 4200 quae
1168 4131 1332 4186 antecedunt
1351 4128 1430 4198 t‘nolo
