3138 4872
616 393 650 449 de
667 393 760 450 Babrii
777 397 874 449 aetate.
1255 391 1314 452 147

164 565 272 631 indem
294 562 366 631 dort
388 562 441 631 die
462 563 594 632 Bosheit
614 564 737 649 gelingt
752 616 759 632 .
777 617 808 632 ..
844 565 937 632 Auch
958 563 1000 631 ist
1022 564 1088 632 viel
1110 565 1314 650 nathrlioher,

164 665 241 734 dass
258 665 401 733 demand
429 685 484 732 um
514 665 566 732 ein
588 653 687 734 Thier
713 687 752 733 nu
780 667 900 734 strafen
917 717 924 732 .
941 665 1055 734 ..ihm
1083 665 1176 734 einen
1198 667 1316 736 Fener-

165 767 267 834 brand
289 787 331 833 an
353 767 417 833 den
432 764 588 834 Schwann
612 767 732 850 bindet,
754 767 804 835 als
819 766 895 834 dass
910 788 945 834 er
960 767 1029 835 dies
1045 767 1131 851 thue,
1155 787 1209 836 um
1224 769 1315 837 Saat-

163 869 266 937 ielder
287 869 320 934 in
335 868 444 936 Brand
458 889 496 935 zu
511 861 656 936 stechen'
676 875 736 937 etc.
773 867 839 936 Sed
854 869 1023 936 discrimen
1038 869 1130 955 illud,
1146 871 1233 952 quod
1246 871 1317 956 ipse

165 971 361 1054 Hartungius
388 970 471 1037 inter
492 970 636 1037 fabulam
657 970 852 1037 Babrianam
879 977 911 1037 et
935 972 1204 1038 narratiunculam
1226 973 1316 1039 illam

164 1072 328 1140 Iudaicam
354 1070 552 1140 intercedere
575 1073 684 1155 sensit,
708 1076 831 1138 tantum
854 1077 911 1156 est,
938 1079 973 1138 ut
994 1073 1129 1140 alteram
1152 1092 1193 1139 ex
1215 1075 1316 1140 altera

165 1179 268 1240 ortam
291 1193 363 1240 esse
385 1193 448 1240 non
470 1175 694 1257 concederem,
719 1172 846 1240 etiamsi
863 1179 984 1240 certum
1006 1180 1227 1259 argumentum
1252 1195 1315 1242 non

165 1274 327 1343 haberem.
365 1273 431 1340 Sed
454 1274 568 1343 habeo.
603 1275 786 1342 Babrianue
808 1274 892 1341 enim
915 1275 1044 1342 fabulae
1066 1276 1205 1342 narratio
1220 1277 1316 1361 plane

165 1376 293 1460 gemina
315 1382 421 1444 exstat
442 1376 530 1461 apud
552 1375 703 1444 Ouidium
725 1379 795 1442 fast.
812 1377 865 1461 lV,
883 1379 941 1442 681
959 1395 1039 1460 sqq.‚
1064 1377 1118 1460 qui
1140 1397 1161 1442 a
1183 1379 1314 1446 carseo-

164 1480 239 1546 lano
261 1478 387 1562 hospite
409 1497 481 1546 eam
503 1496 539 1544 se
561 1479 724 1563 accepisse
747 1478 833 1544 dicit.
870 1479 983 1562 Itaque
1002 1477 1065 1545 hoo
1080 1497 1206 1563 quoque
1222 1499 1314 1566 argu-

164 1587 306 1647 mentum
328 1579 475 1663 concidit,
496 1579 559 1646 nisi
581 1582 716 1647 fortasse
738 1579 889 1646 rusticum
910 1579 1002 1646 illum
1025 1579 1141 1664 Syrum
1164 1602 1315 1666 persona·

165 1689 231 1748 tum
253 1681 351 1748 finisse
366 1680 546 1763 Ouidioque
568 1681 667 1748 uerba
682 1678 812 1748 dedisse
825 1685 930 1764 putas.
967 1680 1119 1761 Reliqua:
1133 1677 1200 1750 ‘die
1214 1703 1316 1768 ganze

165 1783 348 1863 Thierwelt,
371 1783 433 1849 wie
457 1783 513 1850 sie·
525 1802 622 1849 unser
636 1782 770 1850 Dichter
791 1782 850 1848 auf
867 1781 920 1848 die
935 1780 1049 1848 Buhne
1071 1783 1176 1851 seiner
1190 1784 1315 1852 Fabeln

165 1885 280 1969 bringt‚
303 1885 392 1952 kann
415 1904 489 1951 man
511 1883 543 1950 in
565 1883 682 1969 Syrien
704 1881 932 1950 wiederfinden
948 1935 956 1952 .
972 1935 980 1951 .
997 1876 1026 1971 .',
1048 1885 1077 1950 si
1099 1885 1222 1968 aliquid
1244 1907 1316 1972 pro-

164 1987 250 2070 bant,
273 1987 410 2056 fabulas.
422 1984 578 2068 quasdam
599 1986 633 2052 in
649 1985 745 2070 Syria
766 1991 853 2053 ortas
875 2005 947 2052 esse
969 1987 1117 2072 probant,
1138 1986 1198 2053 sed
1219 2008 1260 2056 ne
1282 1987 1317 2054 id

164 2088 304 2173 quidem,
327 2109 399 2155 eum
422 2087 536 2156 eadem
557 2090 624 2155 fere
646 2088 800 2154 animalia
822 2087 919 2154 etiam
941 2087 974 2152 in
989 2087 1068 2155 Asia
1090 2087 1212 2156 minore
1234 2094 1266 2155 et
1281 2088 1315 2155 in

163 2190 269 2275 Libya
290 2189 428 2256 uiuerint
442 2190 495 2257 uel
511 2193 597 2256 certe
611 2196 767 2257 terrarum
781 2188 909 2256 illarum
924 2189 1038 2257 incolis
1052 2196 1130 2258 nota
1150 2190 1268 2258 fuerint
1280 2191 1314 2273 1).
1421 2275 1423 2284 Ι

162 2291 274 2358 risiam
304 2296 412 2357 autem
441 2292 595 2358 minorem
618 2297 649 2387 et
671 2290 881 2376 Cyrenaicum
906 2291 1087 2359 fabularum
1108 2291 1317 2376 plmimarum

161 2394 301 2479 patriam
336 2411 407 2459 esse
440 2398 565 2459 ueteres
598 2392 768 2476 scriptores
804 2390 890 2460 haud
923 2393 1017 2476 pauci
1048 2393 1176 2463 disertis
1208 2394 1315 2462 uerbis

162 2495 275 2560 testati
297 2498 369 2557 sunt
390 2491 443 2574 (es.
466 2492 630 2558 Kellerum
652 2512 681 2574 p.
705 2492 911 2575 esu—359),
933 2495 1037 2578 ipsam
1059 2495 1186 2581 Syriam
1212 2515 1315 2564 nemo.

252 2592 407 2659 Omnibus
434 2592 532 2677 igitur
553 2591 676 2658 Kelleri
703 2592 897 2674 argumentis
925 2612 989 2660 non
1011 2594 1168 2679 adducor,
1198 2601 1232 2663 ut
1254 2597 1314 2662 Ba-

163 2695 269 2762 brium
297 2693 426 2760 natione
451 2694 568 2779 Syrum
596 2711 668 2759 esse
695 2712 753 2776 pro
783 2697 868 2759 certo
895 2692 1034 2759 habeam
1056 2696 1109 2761 uel
1131 2717 1189 2779 pro
1219 2697 1317 2765 simili

163 2817 250 2865 uero.
288 2796 403 2878 Neque
424 2794 642 2880 probabiliora
664 2793 743 2860 mihi
763 2792 911 2860 uidentur
926 2813 1009 2876 quae
1025 2793 1067 2860 de
1081 2801 1187 2864 aetate
1201 2804 1317 2883 poetae

254 3036 276 3098 1)
294 3030 462 3100 Quamquam
473 3029 565 3084 Keller
583 3029 650 3084 dicit
667 3045 694 3098 p.
706 3033 754 3084 387
766 3031 848 3084 extra:
867 3023 956 3084 ‘hatte
974 3043 1003 3084 er
1020 3032 1090 3084 otuu
1106 3029 1143 3084 im
1161 3029 1318 3086 westlichen

164 3115 322 3171 Kleinasien
347 3114 448 3184 gelebt,
473 3130 503 3170 so
525 3115 617 3170 whrde
641 3130 693 3170 uns
717 3113 764 3167 der
782 3113 877 3168 Boden
899 3112 944 3166 fur
968 3112 1021 3168 den
1040 3113 1120 3183 Tiger
1137 3114 1185 3170 wie
1202 3113 1247 3168 fur
1264 3114 1317 3172 den

164 3200 269 3256 Araber
287 3199 344 3254 und
361 3198 419 3254 sein
430 3198 527 3254 Kamel
544 3194 640 3254 fehlen’
652 3227 685 3237 -
698 3196 776 3266 quusi
794 3197 827 3251 de
844 3197 936 3252 bestiis
956 3199 983 3252 et
1000 3197 1153 3253 hominibus
1170 3199 1318 3269 peregrinis

165 3285 336 3340 narrationes
354 3283 454 3351 fingere
472 3284 516 3337 uel
535 3289 608 3338 certa
625 3281 704 3337 fictas
723 3285 845 3350 repetere
864 3297 919 3336 non
936 3281 1064 3350 potuerit,
1083 3282 1155 3337 siout
1167 3284 1317 3340 crocodilos

165 3369 312 3438 pantheras
336 3369 429 3423 leones
452 3367 498 3421 all.
517 3367 656 3422 Phaedrus
676 3365 792 3421 induxit.
828 3365 882 3422 Sed
905 3365 971 3422 dicit
988 3365 1079 3422 Keller
1097 3367 1158 3422 adn.
1181 3373 1241 3422 103:
1259 3364 1318 3424 ‘das

165 3453 310 3508 Praedioat
326 3451 358 3506 τὸ
376 3454 434 3506 πᾶν
451 3457 564 3522 upapam
582 3455 635 3519 (95,
648 3455 688 3518 19)
705 3452 743 3506 ist
759 3450 804 3504 fur
821 3450 870 3506 das
887 3451 1066 3508 insularische
1076 3451 1258 3508 Vorkommen
1270 3453 1318 3508 des

167 3538 262 3606 Tigers
280 3539 308 3592 in
326 3537 379 3592 den
393 3536 626 3592 Grenudistricteu
644 3535 923 3604 seinerVerbreitung
939 3551 975 3590 zu
992 3535 1183 3602 bezeichnend‚
1201 3536 1241 3591 als
1255 3536 1317 3596 dass

165 3637 229 3677 man
254 3621 330 3676 nicht
352 3621 453 3678 danaus
476 3623 526 3677 aul
546 3622 607 3677 eine
628 3619 766 3675 wirhliche
788 3619 1004 3676 Bokanutsehaft
1026 3621 1074 3676 des
1091 3621 1123 3674 Β.
1145 3619 1194 3675 mit
1217 3621 1318 3678 diesem

167 3705 266 3762 Thiere
284 3705 432 3762 schliessen
450 3710 566 3762 mdeste:
585 3705 810 3761 wahrscheinlich
828 3705 876 3760 hut
890 3720 954 3760 man
966 3719 1003 3759 an
1015 3703 1108 3760 donin
1120 3703 1168 3760 der
1180 3706 1317 3762 unmittel·

166 3791 251 3847 buren
269 3790 489 3846 Nachbarschalt
506 3790 614 3862 Syriens
637 3790 776 3859 gemeinen
800 3789 1011 3860 babylonisohen
1029 3788 1110 3856 'liger
1133 3805 1168 3845 au
1189 3789 1317 3848 denken'.

168 3874 220 3930 Sed
232 3875 366 3944 quomodo
379 3875 473 3945 uolpes
485 3874 607 3944 tigridem
619 3875 815 3943 uituperare
826 3873 917 3944 potuit
927 3876 1041 3942 propter
1052 3874 1210 3930 raritatem?
1235 3877 1318 3932 Prae·

167 3965 241 4015 terea
264 3959 333 4016 haec
357 3960 432 4016 notio
454 3959 562 4016 omuino
587 3974 641 4014 non
663 3959 734 4014 inest
754 3959 783 4012 in
800 3962 925 4027 ἐρημαῖοι
942 3957 1042 4025 uerbo,
1065 3959 1138 4028 quod
1155 3974 1262 4030 semper
1279 3968 1320 4017 est

167 4037 258 4099 ‘solus’
280 4045 325 4098 uel
344 4041 509 4113 ‘soliuagus’:
527 4048 638 4113 propter
656 4043 737 4098 animi
755 4043 837 4110 igitur
854 4043 1028 4112 asperitatem
1044 4043 1121 4112 tigris
1139 4045 1319 4116 uituperatur‚

168 4128 238 4184 sicut
255 4128 291 4184 ad
309 4129 428 4186 animum
446 4131 527 4186 etirun
543 4126 655 4195 ἀλαζὼν
673 4134 699 4184 et
718 4132 808 4184 cetera
826 4127 915 4183 omnia
933 4133 1065 4199 spectant.
