3138 4872
287 404 348 466 150
765 405 830 461 Otto
848 403 961 460 Orosius

284 597 487 662 nequaquam
509 578 633 646 nobiles
653 575 828 658 fuerint¹)?
866 577 1079 644 Homerum
1101 575 1241 663 lepida
1262 578 1437 662 parodia

284 681 472 748 imitatus
507 699 597 748 esse
628 678 809 761 uidetur,
839 677 925 763 apud
952 697 1046 760 quem
1067 680 1215 746 Achaeus
1237 679 1436 765 Agamemno

285 783 329 866 (Β
348 785 410 850 669
425 782 509 867 sqq.)
532 801 673 848 summus
688 781 883 848 Graecorum
906 786 955 846 est
976 800 1049 847 rex:
1073 780 1186 847 similis
1208 782 1343 866 parodia'
1365 801 1435 866 pcr-

284 885 415 971 spioitur
436 884 470 950 in
484 884 595 952 fabula
611 887 648 948 31
667 883 788 949 bollum
803 883 1008 948 mustelarum
1024 889 1057 948 et
1071 882 1207 948 mnrium
1222 883 1435 968 continentel)

284 993 316 1056 et
346 991 423 1071 106,
451 986 486 1053 in
513 1005 577 1068 qua
605 983 707 1051 leonis
736 983 916 1050 conuiuium
942 983 985 1050 ad
1007 983 1248 1052 Homerieorum
1270 987 1435 1071 exemplar

284 1087 474 1156 describitur
483 1088 517 1172 3).
555 1088 669 1168 ltaque
690 1106 762 1152 cum
783 1085 881 1168 plane
902 1086 992 1152 nulla
1013 1085 1055 1152 sit
1077 1105 1184 1169 causa,
1208 1106 1263 1154 our
1277 1085 1319 1154 de
1334 1088 1433 1154 socie·

283 1195 350 1258 tate
366 1188 509 1256 Achaica
530 1188 705 1271 cogitemus
728 1187 779 1255 uel
802 1187 929 1254 omnino
952 1209 1009 1274 pro
1031 1187 1189 1272 allegoria
1202 1188 1345 1256 fabulam
1360 1190 1433 1255 sim·

284 1291 492 1376 plicissimam
514 1290 702 1371 habeamus,
724 1289 846 1356 Kelleri
868 1289 926 1357 illa
941 1289 982 1358 de
996 1287 1181 1357 Alexandro
1197 1290 1279 1358 Bala
1293 1291 1432 1375 suspicio

286 1392 377 1475 quasi
400 1413 440 1458 ex
463 1397 538 1459 ae‘rc
560 1389 688 1476 pendet.

372 1614 395 1676 1)
412 1609 487 1665 Haeo
505 1609 676 1680 potissimum
694 1623 778 1664 causa
794 1607 861 1674 fuit,
881 1623 930 1662 cur
947 1613 975 1662 et
991 1607 1083 1662 Keller
1100 1613 1128 1662 et
1145 1608 1279 1674 Bergkius
1297 1609 1330 1663 de
1348 1609 1433 1665 socie·
1498 1630 1505 1642 ·

282 1697 340 1750 tata
357 1695 479 1752 Achaica
496 1694 654 1764 cogitarent.
682 1693 724 1750 cf.
743 1692 812 1747 Kell.
830 1709 858 1762 p.
869 1696 932 1747 388:
950 1688 989 1747 ‘es
1006 1693 1043 1748 ist
1060 1693 1155 1760 genias
1173 1693 1236 1748 luein
1253 1693 1352 1762 Zufall,
1371 1694 1433 1750 dass

283 1781 343 1838 sich
366 1780 409 1836 die
427 1779 525 1836 Hunde
547 1795 582 1832 zu
605 1777 691 1832 ihrem
708 1776 929 1844 Bundesgeneral
947 1777 1025 1832 einen
1042 1777 1167 1848 Aehaeer
1187 1779 1319 1834 erkiesen.
1354 1779 1434 1834 Denn

282 1869 344 1923 weit
367 1865 499 1930 entiernt,
523 1863 586 1917 dass
609 1861 652 1914 die
674 1860 854 1916 achaeisehen
871 1860 968 1916 liunde
993 1859 1039 1915 fiir
1056 1862 1100 1916 die
1117 1863 1214 1918 besten
1233 1905 1239 1919 .
1259 1905 1265 1916 .
1286 1865 1434 1934 ‚gegolten

282 1951 384 2018 hatten,
403 1950 481 2004 weiss
499 1947 563 2002 kein
581 1945 680 1999 andrer
698 1943 893 2001 Schriftsteller
911 1949 994 2001 etwas
1012 1962 1064 2001 uon
1085 1946 1158 2002 ihrer
1176 1947 1363 2003 Treliliehkeit
1379 1990 1385 2004 .
1402 1991 1408 2004 .
1426 1991 1433 2004 .

282 2036 367 2090 Wtre
385 2034 427 2089 die
444 2032 517 2086 reine
530 2027 710 2098 Objektivitt'st
727 2027 772 2084 fdr
784 2029 815 2084 B.
834 2030 882 2085 das
900 2030 1016 2086 leitende
1033 2030 1143 2100 Princip
1161 2047 1291 2101 genesen,
1309 2049 1339 2089 so
1358 2034 1434 2089 laete

282 2134 327 2174 er.
339 2158 345 2170 .
358 2159 364 2172 .
375 2117 453 2172 einen
465 2115 593 2169 Lakoner
605 2113 670 2168 oder
682 2112 817 2169 Molosser
829 2131 890 2170 zum
899 2115 1036 2170 Anluhrer
1047 2117 1153 2172 wahlen
1161 2117 1252 2173 lassen
1260 2125 1370 2174 missen
1381 2160 1387 2174 .
1399 2160 1405 2171 .
1417 2117 1432 2172 .‘

282 2201 422 2270 =Bergk
433 2202 450 2255 l.
462 2215 516 2254 ss.
527 2215 554 2268 p.
568 2203 629 2253 131:
647 2192 717 2254 ‘how
735 2204 845 2266 strange
861 2199 884 2253 it
901 2200 934 2266 is,
951 2199 1060 2256 thatun
1071 2201 1203 2257 Achaean
1221 2202 1272 2272 dog
1288 2203 1313 2258 is
1331 2203 1435 2259 chosen
1510 2261 1514 2268 ,

282 2287 402 2357 general!
438 2284 500 2339 Had
517 2285 540 2339 it
557 2284 626 2338 been
643 2299 660 2338 a
677 2284 778 2351 genuin
796 2283 891 2352 simple
908 2284 1103 2352 Brute-table,
1128 2301 1167 2342 we
1185 2286 1282 2342 should
1298 2289 1367 2344 have
1384 2303 1434 2343 en·

281 2370 378 2442 peoted
395 2370 454 2424 that
470 2369 516 2423 the
527 2373 591 2438 poet
605 2367 694 2423 would
705 2368 798 2423 rather
810 2368 878 2423 have
889 2367 1051 2426 introduced
1063 2386 1080 2426 a
1092 2371 1232 2426 Laconian
1245 2371 1303 2440 dog,
1322 2389 1353 2427 or
1367 2387 1436 2428 even

282 2472 299 2512 a
316 2455 465 2512 Molossian
482 2469 514 2509 or
532 2450 661 2508 cretian’.

367 2543 392 2604 2)
410 2539 470 2593 V.9
489 2538 571 2594 duces
589 2538 706 2592 murium
724 2551 814 2592 mures
831 2537 860 2591 in
878 2536 998 2610 φρήτρας
1016 2538 1184 2594 distribuunt
1197 2569 1229 2579 —
1241 2555 1320 2610 quam
1332 2541 1434 2597 Suldae

281 2623 443 2693 scripturam
460 2624 540 2678 unice
558 2637 651 2678 ueram
669 2621 755 2676 uideri
773 2636 856 2691 supra
874 2622 988 2692 exposui
999 2654 1030 2662 -
1041 2624 1112 2678 sicut
1129 2623 1160 2680 11.
1172 2630 1195 2676 Β
1216 2629 1266 2679 363
1276 2641 1332 2694 sqq.
1348 2625 1433 2681 Grae·

283 2723 329 2764 cos
346 2708 524 2776 Agamemn03
552 2712 622 2762 u.12
641 2707 799 2776 priusquam
817 2706 870 2774 ipsi
888 2706 1022 2764 exercitus
1041 2709 1174 2778 proelium
1195 2715 1350 2776 conserunt,
1367 2711 1434 2779 legl-

280 2797 326 2850 tur
349 2800 397 2846 καί
418 2811 459 2847 τις
480 2791 567 2866 γαλῆν
587 2793 637 2860 μῦς
660 2787 838 2862 προύκαλεῖτο
861 2787 1017 2862 θαρσήσας,
1042 2794 1113 2848 sicut
1130 2793 1207 2848 Paris
1232 2798 1296 2849 ants
1313 2793 1434 2864 ipsorum

280 2869 447 2934 exercituum
465 2892 583 2947 pugnam
596 2875 715 2930 Graecos
728 2880 825 2930 euocat
836 2875 866 2930 ll.
879 2879 906 2927 Γ
914 2880 943 2930 18
953 2893 1023 2946 sqq.;
1042 2895 1088 2932 uu.
1102 2882 1130 2932 13
1142 2894 1200 2947 sqq.
1218 2872 1432 2950 Ὁμηρικώταιαι

280 2969 356 3018 sunt:
382 2964 437 3016 οἵτε
461 2967 609 3034 στρατηγοὶ
632 2957 718 3014 λεπταὶ
741 2957 868 3027 πηλίνων
889 2965 990 3026 τοίχων
1007 2963 1017 3030 ll
1033 2960 1121 3033 κάρφη
1141 2959 1279 3032 μετώποις
1295 2959 1432 3036 ἁρμόσαν-

279 3064 323 3100 τες
338 3043 485 3120 Ἀτρείδαις
501 3049 511 3115 ΙΙ
531 3046 654 3109 ίσοῦντο,
678 3041 782 3096 παντὸς
805 3045 1003 3114 ἐκφανέστατοι
1028 3043 1153 3113 πλήθους
1176 3044 1433 3120 (001Ἀτρ.ἰσ.ἰο-

280 3131 390 3200 geniosa
414 3134 442 3186 et
465 3129 614 3200 probabilis
633 3127 754 3183 86161661
763 3131 805 3182 est
823 3128 979 3184 coniectura
997 3146 1045 3200 pro
1064 3131 1167 3187 codicis
1188 3125 1281 3202 ἀχρεῖα
1298 3129 1433 3204 ἡγοῦντο),

281 3215 315 3270 ci.
328 3215 360 3270 Il.
380 3221 404 3267 B
422 3219 485 3270 580:
505 3211 691 3286 [Ἀγαμέμνων
706 3208 850 3284 Ἀτρεΐδης]
862 3214 999 3268 ...πᾶσιν
1016 3211 1047 3266 δὲ
1062 3220 1234 3289 μετέπρεπεν
1252 3213 1388 3289 ἡρώεσσιν
1407 3222 1433 3272 et

280 3303 458 3369 1116180114
477 3315 504 3354 u.
524 3303 554 3352 21
570 3313 621 3366 sq.:
646 3300 717 3363 Νίκη
737 3292 763 3350 δ’
783 3293 828 3350 ἐπ’
851 3293 942 3350 αἰτοῖς
958 3302 1004 3350 καί
1021 3297 1156 3371 τρόπαιον
1177 3300 1293 3368 εἱστήκει
1311 3301 1357 3367 (61.
1378 3301 1432 3355 Ba·

266 3384 410 3442 ,trachom
421 3401 446 3438 u.
459 3383 540 3452 1501
552 3380 634 3454 γαλῆς
650 3379 764 3449 ἑκάστης
780 3383 835 3450 μῦν
852 3381 1007 3454 στρατηγὸν
1019 3380 1144 3453 ἑλκούσης
1159 3384 1257 3452 (ἕλκειν
1268 3386 1362 3441 eodem
1373 3385 1431 3441 iere

279 3485 360 3526 sensu
375 3469 478 3524 dictum
494 3466 602 3522 uidetur
619 3483 672 3536 quo
681 3468 707 3517 13
721 3471 750 3522 16
764 3460 882 3540 Ἕκτορα
896 3462 925 3519 δ’
936 3466 1068 3522 ἕλκεσθαι
1082 3467 1247 3537 ceramo:
1260 3465 1430 3540 ’1606611166-

278 3551 338 3624 pen‘
359 3553 406 3608 uix
423 3555 497 3607 recta
515 3551 668 3620 flattena).

365 3643 391 3705 3)
408 3637 491 3691 Plura
509 3637 589 3692 etiam
601 3637 746 3694 Homerica
757 3638 786 3692 in
798 3637 963 3705 argumentis
974 3637 1159 3705 inueniuntur,
1178 3639 1213 3696 ci.
1225 3655 1309 3708 grues
1320 3640 1349 3696 in
1362 3640 1432 3710 Pyg-

279 3738 418 3779 maeorum
435 3727 536 3777 terram
553 3723 677 3778 uolontas
695 3723 805 3788 16036,
821 3721 938 3776 rc=1l
955 3727 1004 3775 Γ6
1018 3725 1057 3788 (A
1074 3726 1143 3791 460),
1160 3722 1280 3780 κολοιοὺς
1298 3729 1326 3781 et
1344 3726 1434 3796 ψᾶρας

279 3807 335 3862 lab·
353 3811 385 3861 33
403 3807 497 3862 eadem
514 3809 619 3864 ratione
638 3809 797 3864 coniunctos
816 3811 897 3876 atque
908 3806 981 3861 llll
996 3811 1054 3874 683,
1074 3813 1099 3861 Ρ
1112 3814 1178 3876 166;
1197 3807 1284 3863 πύλαι
1300 3803 1434 3882 ὀνειριίας

279 3896 320 3958 30,
339 3894 363 3958 8,
390 3891 426 3946 61.
446 3891 494 3946 06.
513 3889 530 3945 ὃ
548 3897 606 3949 800.
631 3914 648 3948 τ
666 3898 729 3962 561;
754 3891 891 3948 heroicam
908 3891 1041 3947 sortiendi
1058 3892 1193 3948 rationem
1209 3893 1267 3950 fab.
1286 3899 1328 3962 68,
1346 3899 1434 3948 4-1.

279 3976 371 4030 Sermo
391 3990 455 4032 uero
471 3976 563 4034 formis
576 3978 812 4046 (O.Schneid.l.s.
823 3992 845 4032 s.
856 3979 991 4046 pssssq.
1010 3976 1204 4034 Schneidew.l.
1215 3993 1238 4034 s.
1249 3994 1308 4049 sp.
1319 3983 1432 4048 scsqq.)

278 4060 368 4116 uerbis
386 4060 568 4119 locutionibus
587 4063 666 4130 (Kell.
682 4065 698 4133 0
714 4069 746 4119 38
768 4081 794 4134 p.
806 4069 853 4120 391
864 4081 912 4134 sq,
930 4064 1041 4132 Zach.§
1057 4067 1082 4130 1)
1100 4061 1252 4120 Homericis
1270 4063 1369 4133 ubique
1387 4077 1433 4118 re-

277 4145 363 4202 fertus
381 4150 430 4202 est.
