3118 4870
279 398 341 457 252
695 399 866 454 Hermannus
885 397 1010 452 Gaumitz

284 569 385 650 Quint.
401 570 457 654 (ιι-
472 576 501 635 5.
516 570 607 652 Juli).
645 568 737 648 Quod
760 569 856 636 etiam
878 569 912 634 in
930 569 1067 652 epistula
1081 568 1125 634 ad
1138 568 1279 634 Atticum
1295 573 1325 652 4,
1344 573 1393 652 15,
1408 575 1426 633 4

280 673 408 754 legitur:
440 694 467 734 ιι.
491 671 520 734 d.
544 672 609 734 III.
634 671 746 734 Nonus
771 669 918 748 Quintilis
942 667 1090 752 Suffenas
1118 679 1150 731 et
1179 668 1255 734 Cato
1285 669 1425 744 absoluti,

280 775 335 841 uix
349 773 491 840 'alicuius
513 771 664 838 momenti
688 777 746 854 est,
770 791 840 837 cum
863 778 895 839 et
916 791 1117 840 numerorum
1134 769 1214 838 fides
1232 769 1266 836 in
1281 771 1425 856 epistulis

280 875 421 962 pessima
442 873 484 940 sit
506 879 537 940 et
558 871 725 938 Fabricius
751 872 864 938 eodem
888 873 958 939 loco
982 894 1009 935 a
1034 872 1064 936 d.
1089 873 1146 936 IV.
1170 872 1300 956 legerit,
1329 879 1365 938 ut
1387 893 1425 939 ex

281 978 348 1045 eius
370 974 504 1042 historia
528 973 736 1041 Ciceroniana
756 978 846 1058 patet
859 972 892 1056 ¹).

364 1077 489 1144 Primus
511 1081 619 1141 autem
641 1072 760 1158 mauu
782 1074 904 1140 monuit
926 1073 1097 1141 Ascanium
1121 1072 1227 1140 dicere
1244 1085 1320 1157 post
1346 1073 1426 1136 diem

281 1180 407 1242 tertium
430 1198 521 1264 qaum
540 1175 614 1241 Coto
638 1184 709 1237 crat
730 1171 902 1240 absolutus:
925 1175 1081 1260 postridie
1101 1193 1179 1240 uero
1194 1175 1305 1241 Nonas
1320 1174 1425 1253 Quint.

281 1281 338 1364 (=
360 1283 389 1346 8.
411 1279 492 1360 Juli)
523 1298 564 1344 cx
586 1278 800 1342 Romanorum
832 1275 1035 1361 computandi
1064 1275 1188 1342 ratione
1213 1296 1276 1340 non
1300 1277 1425 1344 tertium
1542 1295 1543 1358 1

282 1400 353 1448 esse
376 1379 471 1462 diem,
494 1379 551 1445 sed
574 1381 720 1459 quartum
743 1382 815 1461 post
836 1395 865 1442 a.
881 1377 911 1444 d.
927 1377 984 1444 ΙΙΙ.
999 1377 1081 1443 Νοι.
1098 1375 1203 1462 Quint.
1220 1375 1275 1458 (=
1292 1382 1320 1442 5.
1335 1379 1357 1444 J
1360 1376 1425 1461 uli).
1542 1409 1543 1416 ι

280 1484 331 1548 Idx
355 1480 435 1547 Raui
457 1479 553 1562 igitur
574 1477 731 1544 sententia
752 1477 845 1544 nobis
871 1478 1006 1564 probata
1030 1477 1109 1544 (tato
1135 1497 1164 1543 a.
1188 1477 1219 1543 d.
1241 1478 1294 1543 IV.
1319 1480 1426 1545 Nonas
1542 1481 1543 1486 ’

281 1583 386 1661 Quint.
411 1580 466 1667 (=
488 1585 517 1647 4.
539 1578 619 1662 Iuli)
647 1578 813 1646 absolutus
842 1585 874 1643 et
901 1579 995 1646 tertio
1025 1576 1077 1645 die
1102 1585 1190 1663 post,
1219 1579 1324 1664 pridie
1346 1579 1426 1646 Non.
1542 1607 1543 1618 ¹

281 1684 387 1763 Quint.
410 1681 465 1766 (=
487 1685 516 1748 6.
539 1679 634 1765 Juli),
664 1677 803 1746 Scaurus
831 1680 1011 1764 postulatus
1040 1685 1098 1746 est.
1143 1679 1208 1745 Sed
1237 1681 1332 1747 huius
1359 1701 1427 1748 sen·
1542 1687 1543 1696 ‘

281 1786 399 1851 tentiae
427 1781 629 1851 aduersarius
652 1778 839 1864 Rinkes3)
861 1781 998 1863 exstitit,
1027 1781 1081 1863 qui
1102 1791 1178 1864 post
1199 1780 1279 1844 diem
1302 1784 1427 1848 ternum

281 1886 344 1952 dici
366 1886 417 1948 die
440 1895 553 1970 quarto
577 1881 739 1948 contendit
761 1880 893 1962 eiusque
914 1881 962 1949 rei
985 1883 1166 1967 exemplum
1188 1883 1368 1966 Liuiumt,
1391 1888 1427 1950 18
1542 1903 1543 1962 3

281 1987 383 2054 affert.
421 1985 483 2063 Qui
504 1988 593 2052 locus
608 1982 737 2048 minime
753 1987 845 2066 aptus
860 1989 918 2066 est,
941 1989 973 2050 et
989 1982 1075 2066 quod
1090 1983 1131 2050 de
1146 1985 1238 2050 annis
1252 1985 1298 2050 ibi
1313 1985 1427 2070 agitur,
1542 1989 1543 2072 j

282 2093 314 2153 et
336 2085 422 2168 quod
437 2086 519 2152 alius
533 2083 610 2151 font
588 2089 628 2148 trs
644 2083 710 2147 alia
724 2081 873 2148 ibidemt
861 2089 1039 2170 temporum
1054 2090 1104 2152 rat
1105 2087 1135 2152 ic
1152 2091 1201 2152 est
1209 2085 1247 2167 4).
1283 2089 1320 2152 In
1336 2086 1426 2152 anuis

282 2187 365 2252 euim
381 2184 603 2269 computandis
615 2184 771 2250 Asconius
786 2185 948 2250 eliamt
898 2192 948 2252 rat
949 2187 1053 2255 ionem
1069 2188 1220 2271 sequitur,
1235 2193 1270 2254 ιιι
1285 2208 1358 2254 cum
1373 2187 1427 2253 alii
1542 2227 1543 2232 =

281 2287 340 2354 uiri
363 2287 448 2354 docti
469 2287 716 2369 uideruntt‚tum
731 2286 850 2371 John,
874 2288 929 2374 qui
951 2289 983 2354 in
997 2287 1108 2354 libello
1124 2288 1188 2352 Dic
1203 2289 1268 2352 Eat
1255 2290 1427 2372 tstehanps-

279 2389 381 2472 pescle.
405 2388 463 2452 der
488 2386 649 2452 Catilinas.
681 2385 833 2451 Versclsru.
856 2389 1009 2474 inscripto
1033 2386 1088 2473 (ε
1103 2390 1188 2456 VIII.
1215 2390 1373 2476 Supplbd.
1397 2392 1426 2457 d.
1542 2393 1543 2456 J

280 2491 536 2557 Fleckeisensch.
551 2489 676 2574 Jahrb.)
691 2510 722 2574 p.
741 2494 801 2556 785
824 2491 906 2558 haec
925 2491 1017 2557 dicit:
1040 2485 1111 2554 weit
1124 2493 1278 2554 Asconius
1293 2491 1346 2578 bei
1357 2492 1426 2556 der·
1542 2489 1543 2524 ³

279 2591 418 2674 pleichec
441 2591 623 2676 Zdlrluapcn
643 2609 726 2674 ponz
749 2594 780 2655 in
802 2593 860 2654 der
882 2592 1050 2654 modcrccn
1075 2594 1176 2656 Weiss
1198 2595 1257 2656 dea
1279 2596 1427 2658 terminus
1542 2667 1543 2682 1

280 2714 383 2778 equo
404 2693 490 2756 nicht
510 2694 767 2756 mr‘teicrcclmet.
807 2693 885 2776 Hoc,
908 2699 943 2760 ut
960 2713 1001 2759 ex
1017 2694 1089 2761 Asc.
1106 2700 1157 2778 50,
1172 2698 1201 2760 9.
1220 2699 1270 2778 57,
1287 2698 1316 2762 8.
1333 2699 1384 2780 68,
1400 2699 1425 2762 8.
1542 2689 1543 2696 ἵ

280 2798 331 2877 71,
348 2798 397 2860 22.
416 2799 465 2880 72,
482 2798 501 2858 6
524 2801 667 2880 apparet,
691 2795 731 2861 de
747 2795 837 2862 annis
854 2793 982 2876 quidem
1005 2801 1091 2864 recte
1109 2795 1302 2882 dictumest,
1325 2797 1427 2866 miuus

280 2903 366 2962 recte
389 2895 429 2960 dc
452 2895 575 2980 diebus,
601 2903 635 2964 ut
657 2897 765 2964 statim
788 2895 976 2962 uidebimus.

364 2997 477 3079 Itaque
500 2999 643 3080 quaestio
666 2998 731 3065 iam
755 3003 813 3082 est,
836 2997 913 3078 quid
934 2996 1015 3063 illud
1030 2998 1160 3064 Asconii
1175 3009 1250 3082 post
1268 3000 1349 3063 diem
1364 3009 1425 3062 ter-

280 3098 355 3159 tium
378 3097 441 3163 sibi
463 3099 549 3182 uelit,
573 3106 676 3166 utrum
698 3100 807 3166 ualeat
828 3108 943 3184 quarto
965 3098 1016 3161 dic
1026 3109 1102 3182 post
1115 3120 1157 3164 an
1172 3101 1266 3163 tertio
1281 3100 1333 3164 dic
1342 3113 1440 3186 post..
1542 3161 1543 3168 .

279 3197 348 3262 Ειιί
363 3204 468 3265 autem
484 3221 540 3285 per
556 3206 773 3283 centrumque
788 3199 967 3285 significare
982 3205 1097 3285 potest,
1108 3206 1216 3267 tamen
1226 3221 1321 3268 sensu
1334 3204 1425 3266 tertio

280 3298 330 3360 dte
348 3309 423 3382 post
444 3301 663 3385 accipiendum
685 3320 756 3368 esse
779 3308 813 3368 ut
835 3321 876 3368 ex
898 3301 1048 3384 analogia
1069 3302 1237 3370 locutionis
1260 3313 1332 3366 uate
1347 3304 1426 3367 diem
1542 3297 1543 3328 ¹

198 3425 203 3431 ·
280 3402 406 3462 tertiam
429 3403 486 3480 (-—-
510 3404 605 3466 tertio
627 3402 678 3465 die
701 3408 788 3484 cote)
812 3403 879 3468 ueri
900 3403 1005 3470 simile
1028 3411 1086 3486 est,
1107 3404 1154 3470 ita
1176 3405 1335 3487 exemplis
1357 3425 1426 3472 cum

16 3435 78 3624 Ἢ
282 3501 489 3584 Ciceronis‚t
476 3507 543 3568 tum
557 3504 688 3570 Asconii
709 3504 870 3590 probatur.
916 3503 1025 3571 Cicero
1048 3505 1131 3571 enim
1154 3525 1211 3588 pro
1233 3504 1300 3572 Mil.
1323 3510 1371 3590 16,
1388 3512 1425 3570 44
1542 3529 1543 3536 “

24 3599 267 3698 ’χχ
280 3603 372 3669 dicit:
408 3602 468 3666 Vos
496 3626 540 3668 ccc
563 3604 608 3667 M.
632 3605 775 3669 Fauonio
804 3605 921 3668 oudist'
894 3615 933 3668 ιιι
958 3603 1097 3668 Clodium
1125 3605 1186 3668 sibi
1215 3605 1395 3673 divisse..
1542 3685 1543 3698 ¹

276 3707 453 3789 periturum
475 3704 624 3769 Milonem
646 3708 795 3771 triduo.
840 3707 940 3769 Post
963 3706 1062 3770 diem
1085 3707 1245 3769 tertium
1266 3717 1355 3789 peste
1376 3728 1427 3770 ros
1542 3703 1543 3730 ¹

280 3815 335 3880 est,
352 3827 444 3891 quom
459 3805 599 3914 diceret
637 3809 682 3875 ef.
698 3809 813 3876 Asson.
831 3812 882 3893 47,
898 3811 953 3874 28:
976 3807 1208 3871 Nomzaauerot
1223 3827 1345 3893 quoquc
1360 3828 1426 3871 eum

367 3961 390 4021 ι)
409 3956 463 4012 Cic
476 3957 515 4013 ed
527 3957 654 4013 OrelliVI
656 3975 697 4027 ,.p
708 3963 750 4014 ιθ.
804 3963 829 4026 2)
846 3959 916 4023 Rau,
925 3957 1019 4013 uanae
1027 3957 1157 4012 lectiones
1169 3955 1204 4011 cd
1214 3956 1268 4011 Orc
1283 3958 1425 4012 orationes

278 4039 487 4180 {uorfiiilffiop
486 4045 526 4098 98.
597 4045 622 4108 3)
641 4042 667 4097 S.
678 4042 711 4098 Η.
722 4043 833 4111 Rinkes,
851 4043 981 4098 Mnemos.
992 4041 1017 4094 X
1019 4058 1062 4111 p.
1074 4045 1131 4096 212
1194 4047 1220 4109 4)
1239 4041 1278 4096 cf.
1290 4041 1425 4096 Weissen-
