3138 4872
587 421 621 476 de
638 421 731 477 Babrii
748 426 845 477 aetate.
1232 419 1293 481 199
1344 505 1353 510 η

141 595 332 658 πανθυινία
349 591 507 660 inuenitur
521 591 583 659 nisi
597 591 684 678 apud
703 593 946 676 recentissimos,
969 593 1058 660 uelut
1073 594 1143 661 Ael.
1160 598 1224 659 net.
1241 614 1291 660 an.

139 696 182 778 II,
199 698 249 760 57.
265 693 302 777 V,
320 697 360 756 54
383 697 590 759 πανθοινίαν
612 718 648 760 τε
669 695 725 760 καὶ
747 693 953 760 πανδαισίαν
977 687 1208 782 ἀφθονώτατα
1227 693 1293 778 ’έχει

141 794 239 880 (quae
254 794 425 862 Bebrianis
446 795 511 861 illis
533 801 606 862 sunt
627 795 817 881 simillima),
840 795 994 882 Origenes
1010 817 1036 863 υ.
1053 797 1134 864 Cels.
1151 797 1235 880 VIII,
1252 801 1292 862 24

140 905 163 964 t.
186 899 203 964 Ι
224 919 254 983 p.
277 901 339 962 760
362 898 391 962 A
415 902 446 964 et
468 899 498 962 D
526 900 727 984 κοινωνῆσαι
754 901 813 985 τῆς
841 902 1063 978 πανθοινίας,
1095 901 1292 964 πανθοινέω

140 1003 249 1065 autem
278 1005 310 1066 et
339 1002 507 1065 πανθοινί
535 1000 595 1066 seli
626 999 828 1084 grammatici
860 1001 1015 1085 praebent
1049 999 1194 1068 eiusdem
1226 1001 1292 1067 fere

141 1100 258 1166 aetatis
282 1098 483 1185 (Fauorinus,
506 1099 730 1185 Herodianus).

162 1197 163 1200 ¹
230 1205 299 1286 138,
316 1208 334 1265 5
350 1201 438 1286 (135,
454 1202 488 1287 2)
508 1193 633 1283 χῶπως
656 1200 710 1289 ’έχῃ
729 1227 763 1268 τι
784 1201 1028 1290 βσυκόλημα
1050 1203 1121 1289 τῆς
1144 1199 1291 1289 λύπης,

74 1330 76 1334 ·
140 1304 283 1386 cf.1e,7
307 1304 483 1391 παρῆλθεν
506 1295 592 1368 odero
614 1304 877 1387 βουκολοῦοα
899 1301 971 1390 τὴν
994 1302 1134 1391 λύπην.
1174 1300 1293 1386 βουκό-

140 1405 231 1492 λημα
253 1405 445 1471 uocabulum
466 1424 547 1472 unus
570 1405 761 1472 Heliodorus
778 1407 812 1489 V,
836 1411 855 1468 2
878 1405 1039 1472 adhibuit:
1063 1401 1125 1489 ἐγώ
1151 1403 1186 1470 δέ
1208 1403 1291 1489 μόνη

138 1507 198 1570 καί
220 1503 340 1593 ἐ’ρημος
355 1555 362 1570 .
380 1556 386 1570 .
405 1556 411 1571 .
428 1505 527 1594 τύχης
540 1504 767 1593 βουκολήμοιοι
787 1509 910 1593 πικρᾶς
927 1504 1102 1593 έκκειμένη,
1125 1507 1181 1572 ubi
1195 1507 1293 1572 alium

141 1626 271 1674 sensum
297 1608 397 1675 habet
425 1607 588 1674 custodiae
616 1607 648 1672 ni
677 1607 772 1674 fallor
800 1613 832 1674 et
861 1607 985 1674 arbitrii
1015 1605 1068 1692 (cf.
1098 1611 1293 1689 ποιμαίνειν

139 1707 238 1775 Bebr.
254 1713 304 1791 43,
322 1709 365 1792 6).
403 1707 470 1775 Sed
490 1709 661 1792 βουκολεῖν
683 1708 780 1776 etiam
797 1709 903 1794 ipsum
920 1708 1138 1794 permulcendi
1153 1707 1292 1776 leniendi

139 1809 323 1894 decipiendi
344 1810 472 1878 notione
495 1830 515 1875 a
536 1811 765 1878 recentioribus
779 1811 980 1897 potissimum
995 1816 1173 1896 usurpatur.
1211 1809 1293 1876 (ion-

138 1911 283 1978 ferantur
304 1912 387 1979 Plut.
409 1912 488 1978 Mer.
510 1933 541 1998 p.
561 1913 649 1976 1311
678 1962 685 1976 .
711 1963 718 1976 .
743 1910 941 2000 ἐβουκόλησέ
969 1936 1053 1978 ποτε
1076 1903 1121 1977 δι’
1148 1909 1292 1994 οἰκέτου,
1348 1929 1350 1932 ’

139 2014 218 2078 Luc.
234 2012 322 2079 diali.
335 2020 425 2080 mort.
439 2020 467 2096 5,
481 2017 499 2078 2
523 2013 735 2098 διαβουκολεῖ
756 2007 876 2092 αύτούς
890 2016 947 2080 καλ
962 2012 1104 2098 ἐλπίζει,
1128 2013 1235 2079 Amor.
1253 2015 1292 2078 38

140 2107 314 2201 ἆλλότριοι
344 2113 379 2179 δὲ
406 2114 527 2198 κόσμοι
555 2112 592 2180 τδ
623 2117 682 2202 τῆς
712 2114 845 2204 φύσεως
874 2108 1026 2204 ἀπρεπές
1057 2115 1292 2200 βουκολούσιν,

138 2215 242 2300 Ocyp.
267 2219 285 2280 8
316 2207 407 2294 λύπας
434 2215 495 2302 γὰρ
525 2212 625 2282 αὑτὸν
653 2219 808 2300 βουκολεῖ
832 2217 1074 2302 ψευδοστομυῖν
1096 2216 1147 2301 (cf.
1171 2219 1291 2300 Trago-

139 2318 217 2402 dop.
242 2315 312 2400 29);
342 2317 525 2385 Philostrat.
549 2339 597 2404 ep.
621 2322 661 2382 52
692 2317 785 2400 σ’ίμσι
812 2317 1056 2406 βεβουκόλημαι
1084 2313 1101 2384 ὁ
1127 2318 1289 2400 δείλαιος;

137 2419 273 2484 Maxim.
286 2419 389 2500 Tyr.I
404 2437 433 2499 p.
449 2421 505 2480 171
530 2416 688 2502 καθάπερ
712 2419 748 2482 αἱ
769 2423 889 2484 τίτθαι
910 2417 987 2494 τούς
1011 2418 1137 2496 παῖδας
1156 2417 1210 2484 διὰ
1230 2445 1292 2502 μυ·

137 2520 308 2602 θολογίας
321 2517 533 2600 βουκολοῦσι;
557 2519 715 2584 Aristaen.
731 2519 756 2600 Ι,
773 2523 791 2581 5
809 2517 1040 2602 (prescias.)
1058 2521 1291 2610 προδιέθηκεν,
1366 2607 1370 2616 .

139 2613 239 2696 ὅπως
252 2669 259 2683 .
274 2668 281 2682 .
295 2667 302 2681 .
314 2613 556 2703 βουκολήσουσι
579 2618 631 2699 (cf.
648 2639 677 2704 p.
692 2617 767 2701 520)
781 2614 840 2682 τδν
855 2617 1059 2705 πρεσβύτην,
1083 2623 1157 2688 Aes.
1173 2625 1212 2689 H.
1232 2627 1291 2688 199

139 2717 361 2807 accidendae
384 2769 391 2785 .
416 2769 423 2783 .
448 2769 455 2784 .
480 2716 593 2784 ἐλπίδι
621 2723 809 2806 προσέχων,
838 2712 912 2807 ἥτις
938 2721 1109 2803 βουκολεῖν
1131 2721 1190 2802 μὲν
1213 2719 1293 2804 οἶδε,

140 2827 278 2910 τρέφειν
301 2820 337 2886 δὲ
360 2814 515 2904 ούδσμιῦς
537 2829 568 2890 et
585 2827 624 2888 58
650 2822 681 2888 οἱ
698 2821 733 2887 δὲ
748 2823 827 2887 θεοί
841 2819 1040 2906 βουλόμενοι
1056 2814 1155 2887 αύτδν
1174 2817 1293 2910 (ἄνδρα

143 2922 285 3013 φένακα)
314 2920 347 2987 ἒν
374 2927 469 3010 μέρει
499 2916 775 3011 ἂντιβουκολῆσαι
803 2917 883 3009 όναρ
908 2915 997 3008 αὐτῷ
1020 2920 1188 3007 ἔπεμψαν.
1232 2926 1294 2992 Η1ο

142 3045 234 3108 usus,
263 3043 320 3090 seu
349 3024 484 3090 abusum
515 3024 621 3092 dicere
648 3027 767 3108 mauis,
795 3025 1043 3109 ascriptoribus
1066 3025 1292 3092 uetustioribus

144 3133 297 3209 quantum
326 3143 385 3205 ego
415 3125 480 3191 scic
510 3126 634 3194 alienus
664 3133 728 3211 est,
758 3147 833 3192 nem
856 3126 985 3193 diuersa
1006 3133 1079 3193 sunt
1101 3125 1198 3210 (quae
1221 3148 1292 3194 cum

142 3229 207 3294 illis
237 3225 388 3294 confundi
414 3227 533 3310 solent)
559 3229 713 3313 Aeschyli
746 3225 982 3311 ἐβουκολοῦμεν
1016 3233 1190 3316 φροντίσιν
1220 3233 1294 3295 νέον

144 3327 262 3403 πάθος
284 3329 397 3411 Agam.
410 3331 471 3392 669
484 3323 766 3412 ‘pauimusmente
780 3350 897 3396 nouum
913 3322 1107 3414 maererem'‚
1131 3331 1183 3396 uel
1198 3329 1294 3394 τόνδε

143 3426 405 3511 βουκολούμενος
427 3427 532 3494 πόνον
554 3430 575 3496 i.
599 3452 626 3497 e.
649 3432 757 3516 furiae,
784 3433 876 3497 Eum.
903 3435 972 3515 178,
994 3438 1048 3499 aut
1070 3432 1293 3517 Aristophanis

143 3529 233 3595 κάτω
261 3528 345 3617 κάρα
375 3529 481 3616 ῥίψας
509 3555 551 3613 με
578 3531 816 3620 βουκολήσεται
848 3533 941 3598 Pacis
972 3537 1028 3597 153
1050 3525 1224 3618 ‘pascetur'
1249 3554 1292 3600 se.

144 3623 231 3717 δδμῇ
259 3632 313 3698 nel
340 3629 456 3718 κόπρῳ
485 3631 539 3714 (cf.
561 3652 591 3698 n.
618 3638 676 3698 150
692 3633 776 3719 sqq.)
789 3633 828 3718 ¹):
858 3639 954 3716 atque
979 3655 1019 3701 ne
1043 3633 1214 3718 βουκολεῖν
1235 3633 1294 3700 τὸν

146 3731 264 3819 δήμιον
288 3731 416 3814 quidem
432 3734 518 3800 Eccl.
536 3738 573 3800 81
598 3735 695 3819 plane
716 3735 820 3802 simile
836 3743 894 3816 est,
917 3756 989 3802 cum
1005 3753 1088 3816 quae
1102 3736 1294 3804 antecedant

232 3901 256 3963 1)
274 3898 368 3966 Inepte
383 3899 543 3954 scholiasta:
563 3900 590 3953 οἱ
607 3899 649 3953 δέ·
667 3901 719 3968 τὴν
731 3899 850 3972 κεφαλὴν
861 3899 935 3953 κάτω
951 3897 1064 3967 ποιήσας
1079 3903 1153 3973 ῥίψει
1168 3924 1202 3971 μυ
1217 3909 1292 3972 βου-

145 3981 306 4049 nossem
329 3988 385 4034 καὶ
409 3980 613 4037 δελεασθεὶς
630 3987 664 4058 τῇ
682 3981 775 4058 ὀδωδῇ
793 3987 852 4038 τῶν
872 3981 1099 4054 ἀπσπατημότοιν
1117 3988 1184 4057 (ipse
1202 3989 1295 4044 Babrii

144 4082 242 4122 uersus
259 4067 289 4120 in
306 4065 406 4122 Aldina
424 4067 532 4122 additus
550 4085 606 4123 non
623 4072 714 4124 exstat
730 4069 759 4122 in
777 4067 926 4123 codicibus:
946 4069 980 4124 ci.
997 4069 1104 4126 Duebn.
1115 4089 1141 4142 p.
1152 4078 1222 4140 466),
1247 4073 1293 4143 qui

144 4153 172 4207 in
190 4166 310 4206 errorem
327 4151 453 4206 inductus
472 4156 514 4207 est
531 4153 627 4207 aetatis
647 4167 712 4208 suae
730 4153 932 4208 consuetudine.
