3138 4872
292 424 354 484 174
771 421 836 477 0114
855 420 967 477 Cresius

291 601 385 664 tatus.
430 594 523 675 Quod
545 593 616 660 miri
638 593 717 659 nihil
740 593 848 676 habet,
871 613 942 660 curn
964 593 1072 679 poesis
1088 593 1214 661 Graeca
1236 594 1324 661 senio
1347 595 1448 679 plane

292 698 390 766 411414
411 717 432 762 4
453 697 556 782 primo
579 718 607 764 a.
624 696 697 763 Chr.
714 716 743 762 4.
766 695 894 761 4444414
918 713 1020 777 usque
1042 694 1085 762 ad
1108 695 1251 777 quintum
1273 717 1304 781 p.
1322 696 1394 762 Chr.
1410 717 1445 762 n.

290 799 357 868 1444
386 798 467 864 nihil
495 797 641 883 genuerit
669 797 730 862 nisi
760 797 903 863 carmina
932 796 1025 880 epica
1047 796 1206 880 quaedam
1231 807 1264 864 et
1286 799 1446 883 epigram-

291 907 380 968 mata
394 900 590 966 hexametris
611 898 664 965 uel
687 898 831 965 distichis
847 898 1036 982 conscripta.
1073 900 1161 966 Mota
1182 898 1280 982 igitur
1302 906 1351 966 est
1372 918 1446 964 sen-

291 1005 352 1074 sim
380 1001 601 1087 paulatimque
629 1019 650 1065 a
676 1000 827 1085 primario
856 1001 927 1067 loco
958 1001 1103 1067 Romana
1130 1001 1222 1084 poesi
1249 1001 1382 1066 inuenili
1410 1008 1447 1067 et

291 1106 438 1191 uigente,
471 1121 554 1184 quae
583 1105 616 1168 et
644 1100 748 1186 ipsum
774 1101 855 1168 illud
876 1106 1011 1168 metrum
1034 1101 1280 1168 choliambicum
1302 1100 1378 1168 inde
1401 1102 1444 1167 ab

292 1207 382 1274 initio
405 1223 528 1270 summo
551 1202 656 1269 studio
678 1202 760 1269 fouit
782 1209 815 1270 et
836 1204 985 1270 excoluit.
1022 1203 1070 1270 Ac
1087 1203 1291 1270 uetustissimi
1309 1202 1444 1284 'quidem

218 1328 221 1332 ’
293 1309 508 1374 Romanorum
538 1303 835 1388 choliambographi
864 1305 974 1388 paullo
1003 1323 1098 1389 quam
1127 1303 1337 1371 Alexandrini
1364 1305 1445 1372 libe·

292 1409 392 1475 riores
407 1404 556 1472 uidentur
571 1405 684 1490 fuisse,
707 1405 865 1488 siquidem
881 1405 997 1472 Matius
1012 1404 1141 1490 (Catuli.
1156 1407 1264 1473 Muell.
1281 1427 1312 1491 p.
1329 1411 1367 1471 91
1382 1411 1444 1488 sq.)

293 1510 328 1576 in
350 1508 494 1574 uersibus
521 1511 557 1572 13
582 1515 694 1590 quater
718 1505 813 1591 (1,1;
836 1512 919 1592 4,1;
944 1506 986 1591 7),
1013 1508 1152 1574 Laeuius
1174 1506 1229 1591 (ib.
1253 1529 1285 1592 p.
1303 1512 1342 1574 78
1358 1507 1443 1590 sqq.)

292 1613 326 1678 in
356 1615 374 1676 3
401 1609 546 1677 uersibus
572 1608 689 1693 141419.
716 1609 769 1691 18)
797 1609 884 1675 44414
914 1610 1019 1676 soluit.
1064 1608 1129 1676 Sed
1157 1610 1222 1675 iam
1243 1610 1360 1694 Varro,
1390 1609 1444 1693 qui

295 1711 480 1796 ceteroquin
502 1709 590 1776 haud
611 1711 705 1776 nimis
728 1715 776 1776 est
797 1729 927 1776 seuerus
943 1749 984 1758 —-
1000 1711 1089 1777 uelut
1110 1731 1152 1776 ne
1174 1709 1352 1796 spondeum
1376 1711 1441 1793 qui-

294 1815 368 1882 dem
390 1815 422 1879 in
445 1813 554 1895 quinto
577 1811 659 1896 pede
681 1830 808 1896 semper
829 1810 953 1895 uitauit,
977 1813 1279 1896 41111441444484
1298 1814 1443 1880 4111441-

293 1920 395 1985 lerum
412 1915 452 1980 de
467 1933 501 1979 re
517 1917 606 1978 metr.
622 1931 654 1996 p.
670 1917 731 1976 414
744 1911 768 1996 ¹)
787 1949 838 1996 -,
861 1913 947 1978 arsin
969 1918 1076 1980 144444
1097 1914 1131 1979 14
1153 1914 1299 1981 uersibus
1321 1917 1387 1981 1444
1406 1918 1442 1978 16

292 2039 358 2083 444
379 2014 476 2090 441411
497 2013 558 2078 4141
581 2014 680 2080 semel
702 2010 752 2095 (fr.
769 2015 830 2078 358
846 2013 964 2080 Buech.
978 2009 1043 2080 ‘hic
1059 2007 1246 2099 badiur')²).
1284 2015 1443 2082 Oatullum

294 2123 401 2182 autem
424 2120 456 2182 41
478 2113 533 2198 qui
556 2133 628 2180 eum
643 2115 860 2199 sequebantur
874 2116 1081 2199 Priapeorum
1097 2117 1266 2202 scriptores
1282 2117 1442 2200 adipeam

293 2214 581 2284 Alexandrinorum
610 2216 814 2283 seueritatem
842 2215 976 2283 rediisse
1005 2211 1127 2284 certum
1156 2224 1214 2285 est.
1268 2219 1329 2286 Ille
1359 2218 1443 2285 enim

293 2319 326 2386 in
348 2317 493 2386 uersibus
515 2316 582 2381 1444
608 2321 666 2380 115
690 2317 770 2383 duos
793 2315 939 2402 dactylos
962 2317 1060 2384 habet
1078 2325 1109 2384 et
1130 2340 1226 2386 unum
1249 2320 1444 2386 tribrachum

295 2420 349 2505 (41.
366 2419 496 2485 Lachm.
513 2418 608 2485 Babr.
624 2439 655 2503 p.
671 2419 760 2500 XIII,
783 2419 889 2486 Muell.
907 2420 1021 2486 Catuli.
1037 2441 1068 2504 p.
1084 2421 1200 2506 LXX),
1223 2421 1256 2486 hi
1271 2421 1302 2486 in
1319 2423 1358 2486 80
1376 2421 1442 2488 iere
1552 2507 1553 2510 Ἴ

293 2644 398 2711 βραχυν
416 2634 477 2690 οὔτε
495 2632 666 2690 ἀνάπαιστον
684 2637 737 2692 hue
755 2653 810 2692 non
827 2638 977 2706 pertinent,
1000 2653 1062 2692 narn
1081 2638 1114 2693 de
1131 2639 1189 2693 sola
1207 2638 1262 2693 arsi
1279 2639 1442 2707 paenultima

294 2718 506 2795 (παραληγούσῃ)
524 2723 627 2791 agitur3
652 2721 799 2778 scholiasta
817 2727 907 2776 autern
925 2738 952 2790 p.
974 2727 1021 2776 110
1040 2722 1073 2777 G.
1091 2721 1120 2776 in
1141 2721 1227 2778 nobili
1243 2723 1290 2776 illa
1308 2738 1362 2792 qua
1379 2723 1441 2776 iam-

293 2810 389 2866 borum
406 2822 507 2875 genera
522 2813 624 2862 tractat
639 2808 823 2876 disputatione
834 2807 935 2872 (Herm.
945 2807 1021 2862 elem.
1030 2823 1058 2875 p.
1071 2811 1129 2872 101)
1143 2807 1324 2862 choliambum
1339 2808 1442 2862 omittit.

381 2897 405 2956 1)
424 2891 590 2960 Quamquam
608 2893 637 2946 in
654 2891 719 2946 solis
737 2891 850 2946 uocibus
868 2891 1051 2961 polysyllabis,
1070 2891 1157 2960 qualis
1175 2897 1217 2964 441
1234 2887 1441 2947 ‘cuallauerunt’
1551 2929 1552 2945 .

293 2979 327 3032 14.
349 2981 396 3031 109
414 2977 455 3040 Β,
473 2976 544 3029 hanc
561 2975 698 3029 licentiam
716 2975 856 3030 admisisse
875 2975 1026 3030 censendus
1045 2981 1094 3030 est.
1121 2976 1237 3046 Reliqua
1255 2992 1325 3045 quae
1336 2977 1443 3031 Riesius

293 3067 321 3116 41
338 3060 454 3115 Mueller
470 3059 644 3128 protulerunt
660 3060 783 3128 exempla
800 3060 879 3114 aliter·
897 3065 1055 3129 comparata
1071 3057 1115 3114 ‘ad
1134 3057 1314 3116 communem'
1335 3066 1373 3130 (p.
1389 3065 1444 3128 111,
1550 3077 1551 3104 r

295 3151 309 3200 6
327 3141 509 3212 1111144111
530 3139 654 3198 buccam’
675 3147 711 3212 (p.
729 3148 786 3209 164,
801 3147 815 3196 'l
832 3143 875 3209 11.)
890 3139 1025 3200 ‘comestis
1040 3140 1167 3200 extendit’
1187 3144 1312 3212 (Mueller
1329 3162 1356 3214 p.
1375 3151 1443 3212 414),

294 3229 323 3282 in
340 3229 406 3284 locis
424 3229 550 3298 leguntur
566 3228 681 3283 maxime
699 3227 795 3294 dubiis,
815 3228 850 3282 41.
860 3227 921 3282 414.
932 3232 956 3282 1.
1071 3304 1073 3308 .

379 3318 405 3377 2)
423 3313 545 3366 Alterum
563 3313 714 3381 exemplum
731 3312 803 3381 quod
821 3312 894 3380 apud
905 3311 1026 3368 Riaeium
1043 3313 1167 3369 inuenies
1182 3314 1444 3382 416411411144·

292 3413 388 3468 pcrum
397 3397 493 3450 Philol.
504 3395 555 3450 XV
564 3412 592 3465 p.
602 3401 670 3463 181),
684 3396 859 3452 omittendum
873 3396 988 3466 uidetur,
1007 3413 1069 3452 nam
1085 3399 1253 3454 choliambus
1265 3399 1311 3452 ille
1323 3401 1444 3469 spondeo
1549 3403 1550 3420 ¹

291 3483 388 3539 illicito
407 3480 574 3535 deformatur
590 3481 747 3550 numerique
763 3481 792 3535 in
809 3485 867 3537 toto
885 3483 946 3537 loco
966 3489 1093 3552 corrupto
1112 3491 1140 3537 et
1157 3484 1272 3538 obscuro
1288 3513 1321 3524 -
1335 3499 1444 3552 prosam

294 3568 444 3624 orationem
461 3566 612 3620 Buecheler
635 3566 777 3622 reuocauit
799 3567 833 3621 14.
851 3571 900 3622 181
919 3599 953 3608 -
973 3583 1070 3636 parum
1093 3573 1158 3622 sunt
1181 3568 1256 3622 certi.
1291 3568 1387 3637 ltaque
1410 3583 1445 3622 ne
1548 3611 1549 3632 ,

292 3655 356 3708 hinc
375 3650 481 3721 quidem
499 3649 663 3720 praesidinm
680 3653 723 3706 est
739 3654 865 3720 paratum
883 3651 1004 3721 opinioni
1021 3651 1106 3708 Riesii
1124 3657 1151 3706 41
1167 3652 1301 3718 Maeliani,
1319 3653 1366 3721 qui
1374 3653 1444 3708 Var-

293 3752 387 3792 ronam
411 3737 638 3806 anapaestum
663 3734 691 3788 14
712 3735 828 3805 primum
852 3735 947 3806 pedem
969 3737 1111 3791 admisisse
1134 3735 1313 3792 crediderunt.
1349 3736 1444 3804 Neque

293 3821 416 3889 exempla
434 3836 503 3889 quae
520 3820 693 3890 protulerunt
709 3821 793 3874 ullam
810 3820 913 3876 habant
930 3820 1134 3876 auctoritatem:
1160 3836 1223 3874 nam
1240 3816 1367 3888 ‘reuocati
1386 3836 1444 3874 nra·
1547 3859 1548 3884 2

292 3902 396 3961 tellam'
416 3906 502 3960 uerba
519 3923 545 3974 p.
564 3909 620 3970 111,
638 3905 699 3958 111.
718 3920 773 3960 444
795 3905 923 3974 leguntur
943 3905 972 3958 in
991 3905 1142 3960 choliambo
1160 3907 1240 3974 pleno
1259 3910 1340 3974 atque
1358 3906 1444 3960 bellus

293 3989 338 4045 ille
356 4005 472 4056 quocum
491 3989 636 4044 coniuncta
654 3993 763 4045 suntet
781 3990 1030 4058 caesuralegitima
1047 3992 1124 4045 caret
1148 3995 1175 4044 et
1195 3991 1344 4059 spondeum
1362 3991 1444 4044 babet

294 4089 348 4129 non
366 4076 525 4127 excusatum
542 4073 571 4127 in
589 4073 683 4142 quinto
701 4074 783 4142 pede;
808 4090 904 4130 uersus
922 4079 1012 4129 autern
1029 4069 1124 4129 ‘acinis
1135 4075 1139 4142 Ι
1151 4075 1245 4130 electis
1263 4079 1290 4129 41
1308 4074 1443 4143 4444441114
1546 4091 1547 4116 r

294 4153 445 4229 cultandit’,
464 4171 542 4224 quem
560 4158 675 4212 Mueller
693 4157 834 4214 constituit
850 4175 876 4227 p.
887 4163 946 4226 111,
963 4158 1032 4215 miro
1050 4174 1117 4214 casu
1132 4159 1224 4215 eodem
1239 4159 1347 4216 laborat
1362 4175 1443 4228 spon·
