3138 4872
603 383 637 438 de
655 383 747 439 Babrii
764 387 861 440 aetate.
1249 386 1309 448 179

245 552 372 641 Σνζῆν
400 555 465 621 fab.
492 559 561 638 106,
587 561 624 621 10
653 547 735 638 μεθ)
761 548 800 643 ἧς
827 553 870 622 τὰ
900 555 1010 622 πολλὰ
1036 559 1193 642 μειλίχαις
1215 581 1310 626 συνε-

159 655 249 745 ζήιει
261 655 285 739 ¹)
314 653 427 741 (λέων)
455 656 541 724 idem
568 657 748 742 significare
779 658 865 740 quod
888 658 1112 741 συνδειπνεῖν,
1142 669 1175 729 et
1199 683 1310 730 uersus
1371 698 1374 706 ·

159 760 331 841 insequens
360 765 507 826 testatur:
544 763 648 846 γέρων
680 758 716 823 δέ
743 783 795 836 τις
822 763 972 848 πίθηκος
1004 747 1043 848 ἦν
1076 757 1093 827 ὁ
1128 762 1309 850 ὃαισρεύων

161 870 192 929 et
220 862 402 927 uniuersum
431 861 559 928 omnino
589 867 809 944 argumentum
839 881 902 944 qno
934 862 975 930 de
1002 863 1082 930 cibis
1109 865 1309 948 potissimum

160 962 273 1046 agitur.
307 963 399 1028 Hune
415 982 506 1030 usum
528 983 592 1028 non
614 962 758 1031 inuenies
781 963 868 1049 apud
892 965 992 1030 ullum
1009 965 1176 1047 Graecum,
1200 971 1310 1034 eontra

160 1065 296 1132 Romani
318 1064 481 1131 simillima
502 1064 623 1132 habent
648 1058 842 1131 ‘conuiuium
866 1057 1014 1151 habere',
1041 1059 1246 1151 ‘conuiuari',
1278 1074 1311 1134 et

160 1167 256 1252 plane
284 1166 447 1251 geminum
474 1165 555 1231 illud
580 1159 791 1250 ‘concinere'‚
825 1167 864 1235 cf.
894 1167 1001 1248 Quint.
1026 1168 1095 1252 VII,
1119 1171 1137 1233 3
1164 1163 1310 1237 ‘iuuenes

161 1268 216 1350 qui
239 1267 407 1334 conuicere
433 1267 598 1350 solebant,
629 1269 859 1337 constituerunt
888 1275 923 1334 ut
951 1269 984 1334 in
1012 1271 1104 1335 litore
1133 1263 1310 1354 canerent,

159 1371 191 1454 Ι,
216 1372 235 1433 6
255 1363 415 1434 ‘lauamus
438 1367 659 1435 attondemur
681 1376 714 1436 et
735 1360 956 1437 conuiuimus'.
1000 1370 1092 1450 Quae
1113 1371 1232 1456 optime
1255 1393 1309 1440 ex-

160 1469 276 1556 pressit
298 1469 407 1536 Cioero
431 1467 498 1535 Cat.
522 1470 595 1535 mai.
619 1470 714 1553 XIII,
738 1477 795 1536 45:
827 1465 928 1536 ‘Bene
951 1470 1035 1536 enim
1058 1472 1194 1540 maiores
1217 1494 1310 1541 aecu-

162 1573 314 1640 bitionem
340 1571 503 1655 epularem
532 1570 723 1656 amicorum,
759 1571 835 1652 quia
864 1571 950 1637 uitae
979 1571 1232 1641 coniunctionem
1254 1574 1310 1639 ha-

161 1675 265 1756 beret,
296 1671 477 1740 conuiuium
505 1672 726 1757 nominarunt,
756 1672 870 1740 melius
894 1692 991 1756 quam
1014 1671 1145 1756 Graeci,
1173 1674 1227 1756 qui
1249 1675 1311 1741 hoo

159 1775 245 1842 idem
267 1781 334 1840 tum
356 1773 632 1858 compotationem‚
656 1780 723 1841 tum
745 1774 1005 1841 concenationem
1028 1781 1153 1858 uocant,
1175 1779 1210 1840 ut
1225 1773 1312 1856 quod

160 1876 194 1942 in
216 1897 255 1944 eo
277 1895 394 1960 genere
417 1874 581 1940 minimum
603 1881 666 1958 est,
693 1874 728 1941 id
750 1875 890 1942 maxime
911 1875 1050 1960 probare
1071 1868 1266 1942 uideantur'.

248 1981 318 2060 122,
342 1981 360 2042 8
390 1968 435 2053 ὥς
460 2001 523 2058 μου
545 1976 692 2062 κατέλθῃ
716 1968 860 2059 πνεῦμ’
888 1969 1026 2063 ἇναλγὲς
1048 1976 1096 2055 εἰς
1119 1970 1211 2065 ᾅδου.
1255 1979 1311 2044 ΑΙ-

160 2085 263 2147 terum
292 2079 491 2162 exemplum,
529 2078 585 2144 ubi
612 2080 744 2160 πνεῦμα
772 2079 814 2144 sit
843 2079 979 2146 hominis
1013 2077 1100 2167 ψυχὴ
1129 2100 1150 2146 a
1179 2099 1310 2164 empore

132 2251 136 2258 ,
159 2181 305 2248 seiuncta
325 2180 359 2246 in
381 2179 592 2247 monumentis
609 2180 741 2246 Graecis
762 2201 825 2247 non
848 2181 1002 2266 inueniet
1025 2183 1186 2248 Romanos
1202 2185 1311 2247 autem

159 2302 271 2349 manes
290 2274 440 2348 ‘animas'
466 2283 630 2367 appellare
652 2282 764 2348 solitos
786 2301 873 2365 esse,
903 2288 934 2348 et
962 2283 1150 2368 scriptorum
1174 2289 1206 2350 et
1228 2283 1309 2368 lapi-

159 2386 236 2452 dum
259 2383 441 2451 testimonia
461 2383 628 2448 innumera
649 2403 707 2448 nos
731 2383 853 2449 docent.

241 2478 386 2548 Ἠιόνα
415 2479 519 2558 ξύων
545 2486 612 2564 6,1
643 2477 754 2556 ἁλιεὺς
781 2480 959 2568 θαλάσσης
982 2487 1096 2550 πᾶσαν
1118 2477 1202 2570 ᾐόνα
1226 2482 1311 2562 ξύων

157 2584 249 2654 haud
278 2583 344 2650 scio
373 2603 415 2649 an
443 2601 628 2668 expressum
657 2581 699 2646 sit
731 2579 774 2646 ad
801 2581 977 2662 Vergiliani
1002 2579 1109 2651 ‘litora
1141 2576 1308 2652 raduntur’

159 2688 254 2773 (Aen.
269 2686 338 2770 VII,
365 2689 401 2750 10
424 2685 477 2768 R.)
498 2683 738 2750 similitudinem
749 2685 784 2764 3).
831 2683 925 2750 Certe
948 2681 1036 2760 ξύειν
1058 2705 1122 2750 uox
1143 2685 1189 2750 ita
1211 2692 1312 2752 trans-

160 2808 366 2818 Μ

249 2859 272 2919 1)
290 2853 396 2907 Atheus
421 2851 530 2906 exhibet
551 2849 689 2917 συνεζήτει
711 2850 833 2919 ineptum
853 2850 957 2919 inepte,
983 2854 1014 2905 ut
1031 2850 1231 2904 demonstrasse
1248 2849 1314 2903 mihi

159 2940 264 3003 uideor,
286 2938 320 2992 ab
338 2935 513 3003 Hertzbergio
531 2935 704 3004 explicatum,
722 2933 861 3000 σννεζήνιι
880 2935 1074 2990 correctIonem
1091 2932 1255 2988 lenissimam
1271 2933 1313 2987 in-

160 3027 294 3080 uenerunt
311 3022 363 3076 rix
381 3020 552 3075 Hermannus
569 3021 587 3074 l.
604 3035 625 3074 s.
642 3035 663 3074 s.
680 3036 707 3088 p.
723 3023 772 3074 819
791 3019 909 3087 settle,
932 3021 1120 3089 probauerunt
1137 3016 1312 3086 Hartungius‚

161 3107 390 3167 Schneidewinus,
408 3104 583 3160 Eberhardus
602 3109 777 3173 (quamquam
794 3104 864 3160 male
881 3105 963 3159 uertit
980 3104 1058 3159 Hart.
1069 3120 1096 3174 p.
1111 3106 1156 3156 133
1173 3097 1235 3155 ‘Mit
1252 3101 1314 3155 dem

161 3211 190 3250 er
206 3193 322 3248 manche
340 3191 463 3246 Stunden
480 3189 598 3244 traulich
615 3184 809 3254 hinbrachte').

248 3281 273 3342 2)
290 3275 374 3330 Plane
392 3273 466 3328 aliud
484 3278 525 3328 est
539 3273 679 3343 Epich.fr.
691 3273 827 3327 intraha:
846 3273 995 3344 συνεκρίθη
1014 3277 1059 3325 καὶ
1073 3269 1199 3340 διεκρίθη
1212 3265 1314 3337 κᾶπῆν·

161 3365 228 3430 θεν,
252 3356 323 3415 ὅθεν
341 3348 442 3427 ἧνθεν,
465 3354 557 3424 πάλιν,
569 3360 578 3426 ΙΙ
597 3358 632 3429 γᾶ
648 3361 699 3425 μὲν
717 3358 753 3411 εἰς
769 3359 830 3430 γᾶν,
853 3352 955 3426 πνεῦμ1
976 3355 1050 3424 ἅνω,
1072 3371 1189 3426 quocum
1211 3355 1245 3408 ef.
1266 3359 1313 3408 146

160 3449 219 3504 α’νω
237 3447 269 3502 τὸ
282 3447 390 3514 πνεῦμα
402 3440 531 3512 διαμενεῖ,
548 3446 576 3497 et
589 3442 739 3498 Moschion.
749 3442 784 3497 fr.
798 3447 827 3498 ll
837 3460 863 3513 p.
874 3448 923 3498 635
933 3442 960 3498 N
962 3463 982 3497 .:
1001 3437 1074 3497 ὅθεν
1084 3481 1090 3496 .
1100 3479 1106 3494 .
1118 3439 1254 3510 ,deluam
1273 3441 1313 3490 tv·

161 3529 251 3589 ταῦθ’
271 3527 418 3593 ἀπελθεῖν,
443 3529 551 3596 πνεῦμα
574 3530 625 3595 μὲν
650 3525 717 3600 πρὸς
740 3527 842 3598 αἰθέρα
861 3529 870 3597 ΙΙ
887 3525 919 3581 τὸ
942 3529 1024 3594 σῶμα
1041 3522 1068 3579 δ’
1089 3528 1125 3578 εἰς
1141 3527 1204 3598 γῆν,
1227 3537 1315 3591 neque

162 3619 274 3676 slmilius
284 3621 326 3672 est
337 3614 550 3670 GhrIstianornm
562 3612 671 3680 πνεῦμα
687 3614 745 3677 (τοῦ
759 3613 836 3678 θεοῦ,
851 3606 963 3679 ὑλικὸν),
979 3611 1013 3666 de
1025 3627 1077 3680 quo
1088 3610 1122 3664 of.
1132 3607 1314 3674 Dembowslri,

162 3704 276 3773 Quellen
293 3718 317 3755 v.
335 3699 449 3754 Tatians
465 3697 598 3766 Apologie
615 3713 642 3766 p.
653 3701 694 3752 38.
711 3701 752 3752 42.

249 3790 275 3853 ³)
292 3784 384 3840 Etiam
396 3787 434 3849 11,
445 3788 475 3837 9:
493 3777 555 3834 οὐδ’
566 3777 638 3834 εἶδεν
652 3779 734 3835 αὐτοῦ
750 3780 802 3848 τὴν
816 3776 893 3834 tilae
906 3775 1034 3849 Δημήτηρ
1051 3791 1210 3847 componere
1224 3777 1314 3846 possis

163 3889 225 3928 cum
236 3872 333 3938 Georg.
343 3869 365 3934 1,
375 3873 407 3922 95
418 3867 451 3921 R.
461 3864 557 3935 ‘neque
566 3865 640 3920 illum
651 3906 657 3918 .
670 3907 676 3919 .
687 3905 693 3917 .
704 3865 784 3920 Ceres
795 3905 801 3920 .
813 3905 820 3920 .
830 3904 837 3920 .
847 3864 1009 3934 nequiquam
1018 3857 1142 3932 spectat',
1157 3866 1185 3917 et
1193 3875 1313 3931 prooem.

162 3959 184 4023 I,
198 3961 241 4011 12:
261 3949 354 4025 ἐφύετ’
366 3957 395 4006 ἐκ
409 3953 456 4023 γῆς
468 3948 560 4005 πάντα
569 3947 672 4018 μηδὲν
691 3950 854 4002 αἰτοῦσιν
862 3948 964 4003 Naberi
976 3947 1109 4014 (similiter
1121 3946 1313 4015 Hertzbergius

162 4036 244 4098 ‘ohne
261 4040 312 4094 viel
329 4034 440 4104 Bitten')
458 4052 519 4091 cum
535 4035 722 4104 Georg.l,128
738 4029 860 4102 ‘ipsaque
876 4033 955 4087 tellus
967 4035 976 4102 ΙΙ
991 4033 1082 4088 omnia
1096 4032 1207 4088 liberius
1222 4030 1313 4086 nullo

163 4130 332 4198 poscente
349 4118 461 4179 terebat’
477 4119 523 4190 (ot.
538 4119 641 4176 Colum.
652 4119 687 4186 ΙΙ,
702 4123 747 4186 l,t
767 4117 879 4186 benigne
897 4116 975 4173 nobis
993 4132 1061 4173 arua
1077 4115 1314 4186 respondent).
