3138 4872
593 407 627 462 de
644 407 736 462 Babrii
753 411 850 464 aetate.

294 569 358 643 “oh
381 579 474 660 μέλει
496 567 580 660 potn
606 582 709 664 φησίν
728 571 825 644 “oiic'
852 577 910 646 ἐὰν
931 585 1046 668 μείνῃς

299 672 370 742 οὔτ’
398 669 437 744 ἂν
461 671 630 766 ἀπέλθῃς·
654 671 726 743 οὐδ’
753 672 805 744 ὅτ’
830 665 934 766 ἦλθες
956 675 1131 766 ἑγνώκειν”
1158 720 1198 732 -

147 784 182 844 at
203 777 312 846 hercle
326 779 443 846 Arabis
465 780 547 846 ictus
569 781 667 846 Balas
683 782 821 848 moriens
836 783 943 849 sensit.
981 784 1075 851 Certe
1089 785 1201 852 horum
1217 805 1298 853 som-

128 879 272 946 niorum
301 881 441 948 omnium
469 882 590 948 nullum
619 883 817 949 Maennclius
846 883 995 968 uidisset,
1023 885 1085 952 nisi
1113 887 1200 972 apud
1224 889 1298 956 Alc-

148 979 309 1047 xandrum
331 983 444 1048 Balam
467 983 619 1049 Babrium
647 982 768 1051 uixisse
791 983 1063 1052 demonstraturus
1085 987 1212 1057 fuisset:
1241 990 1297 1057 sed

146 1081 265 1149 mirum
287 1089 345 1167 est,
370 1102 465 1165 quam
487 1084 583 1168 longe
604 1083 742 1150 hominis
765 1105 854 1152 mens
868 1087 1033 1154 uoluntate
1048 1109 1068 1154 a
1082 1108 1158 1156 uero
1174 1089 1300 1158 deflecti

84 1185 86 1188 ⁴
145 1183 258 1268 possit.

234 1283 330 1351 Haud
352 1285 451 1352 multo
474 1285 647 1353 consultius
669 1285 780 1370 paucis
800 1287 892 1354 annIs
907 1293 980 1372 post
990 1286 1104 1372 (1873)
1120 1290 1157 1357 u.
1171 1293 1298 1360 Buch-

146 1385 308 1452 holzius
332 1385 508 1470 disputauit
528 1387 561 1453 in
584 1387 686 1454 altera
707 1388 912 1472 anthologiae
934 1389 1055 1474 lyricae
1070 1390 1215 1461 Graecae
1233 1394 1299 1462 edi·

145 1487 235 1553 tione
262 1487 326 1554 uol.
348 1489 364 1552 I
384 1509 415 1572 p.
431 1491 490 1572 99,
518 1487 574 1568 qui
595 1487 774 1556 Branchum
797 1490 973 1557 Alexandri
999 1493 1083 1576 regis
1105 1493 1205 1559 filium
1228 1515 1299 1564 csse

146 1585 226 1652 dicit
259 1587 449 1656 Seleucidac
474 1587 682 1673 (Gutschm.)‚
711 1591 910 1675 Vespasiano
935 1591 1128 1676 imperatore
1154 1595 1300 1664 Ciliciam

145 1689 288 1772 regentis
303 1689 478 1774 (Lachm.);
503 1709 638 1772 quocum
660 1691 780 1776 optimc
806 1691 983 1775 conuenire,
1007 1691 1092 1773 quod
1112 1691 1299 1764 Seleucides

146 1810 220 1856 cum
235 1789 487 1857 Branchidarum
510 1791 638 1858 oraculo
662 1793 885 1860 commercium
904 1792 1055 1860 habuisse
1070 1800 1194 1861 constet
1208 1794 1298 1878 (Gut-

146 1890 272 1975 schm.).
322 1893 470 1960 Profecto
492 1893 677 1977 philologus
702 1893 899 1960 Lachmanni
921 1895 1060 1962 rationes
1082 1900 1179 1978 atque
1201 1897 1299 1965 histo·

145 1993 234 2059 ricae
250 1993 464 2061 Gutschmidii
485 1995 514 2060 si
527 2000 594 2060 tam
610 2001 685 2078 apte
700 1995 970 2079 coniungerentur,
994 2014 1151 2062 summam
1171 1997 1214 2064 ad
1228 2019 1298 2083 per·

146 2093 349 2161 suadendum
370 2095 526 2163 haberent
547 2095 622 2163 uim.
661 2094 726 2164 Sed
741 2096 927 2164 Alexander
947 2097 1004 2164 ille
1019 2096 1151 2164 Ciliciae
1170 2102 1299 2185 regulus

147 2202 236 2262 ortus
258 2217 322 2264 non
345 2202 393 2264 est
415 2217 456 2263 ex
480 2197 720 2264 Seleucidarum
741 2199 874 2282 familia,
899 2199 998 2264 immo
1021 2217 1061 2264 ex
1082 2203 1178 2281 gente
1198 2201 1300 2268 nobili

145 2296 281 2362 Iudaica
307 2295 474 2383 (Iosephus
502 2298 660 2379 antiquitt.
684 2299 808 2383 XVIII,
828 2305 845 2363 5
869 2320 899 2384 p.
923 2298 1016 2383 886),
1052 2297 1086 2364 id
1117 2299 1202 2381 quod
1229 2303 1299 2387 ipsc

144 2398 373 2464 Lachmannus
399 2419 432 2481 p.
454 2399 518 2462 XII
547 2398 703 2480 exposuit.
750 2400 869 2482 Aperte
900 2399 997 2482 igitur
1019 2399 1206 2467 Buchholzii
1228 2421 1299 2468 scn-

145 2499 251 2564 tcntIa
271 2497 382 2562 nititur
404 2517 519 2563 errore.

236 2597 369 2664 Saniore
397 2595 515 2664 iudicio
550 2617 627 2664 usus
660 2602 723 2679 est,
757 2597 811 2678 qui
843 2618 926 2664 anno
961 2603 1042 2665 1875
1073 2596 1128 2668 ‘de
1161 2603 1300 2671 dictione

144 2689 325 2768 Babriana’
351 2699 650 2766 commentationem
678 2698 805 2765 doctam
835 2705 868 2766 et
896 2698 1081 2782 diligentem
1104 2703 1309 2787 conscripsit,n

146 2801 209 2867 Th.
226 2799 468 2867 Zachariae.
505 2801 537 2866 Is
553 2800 664 2866 Babn'i
685 2804 825 2868 aetatem
848 2799 996 2884 cognosci
1017 2817 1113 2885 posse
1127 2808 1224 2886 negat
1238 2804 1300 2869 nisi

148 2922 192 2968 ex
207 2901 275 2968 solo
291 2921 446 2984 sermone,
470 2923 541 2968 cum
553 2896 650 2984 ‘quae
666 2921 684 2967 e
698 2919 907 2986 personarum
926 2901 1086 2969 mentione
1101 2903 1154 2970 uel
1171 2922 1189 2968 e
1205 2921 1300 2986 quac·

148 3002 306 3070 stionibus
328 3001 469 3068 metricis
491 3003 564 3070 elici
585 3023 681 3088 posse
703 3002 868 3088 duxerint,
899 3023 938 3070 ea
962 3009 1017 3070 aut
1038 3003 1111 3088 ipsa
1132 3003 1302 3072 incertiora

149 3103 213 3170 sint
244 3121 341 3185 quam
370 3122 453 3185 quae
475 3107 618 3190 tempore
640 3104 749 3188 aliquo
771 3103 891 3171 includi
917 3105 1053 3190 possint,
1083 3111 1139 3171 aut
1160 3106 1300 3174 nondum

148 3205 192 3272 ad
207 3205 365 3288 liquidum
379 3197 545 3289 perducta
566 3203 611 3289 (p.
627 3203 672 3289 2).
708 3206 822 3288 Itaque
837 3226 908 3272 cum
923 3206 1086 3292 complura
1100 3206 1301 3288 indagauerit

149 3325 233 3388 quac
261 3327 333 3373 cum
362 3325 508 3372 sermone
536 3307 669 3374 alterius
697 3328 728 3392 p.
752 3307 823 3374 Chr.
846 3329 877 3374 n.
899 3307 1021 3374 sacculi
1042 3314 1232 3393 congruant,
1262 3330 1300 3378 eo

148 3409 220 3491 ipso
236 3407 389 3474 Babrium
411 3407 532 3474 uixisse
556 3407 718 3493 opinatur:
750 3409 894 3476 concedit
912 3415 1019 3475 autem
1039 3403 1153 3475 ‘multa
1174 3428 1246 3476 esse
1267 3411 1301 3475 in
1408 3485 1410 3487 ,

150 3509 200 3574 his
221 3509 349 3592 fabulis,
372 3526 455 3591 quac
471 3508 568 3576 ctiam
583 3508 684 3576 serius
699 3515 825 3594 tempus
840 3501 1043 3594 monstrent',
1066 3509 1124 3576 sed
1140 3529 1188 3594 eo,
1215 3511 1301 3592 qnod

149 3611 215 3675 iam
242 3610 417 3678 Dositheus
440 3614 472 3676 et
486 3609 629 3676 Iulianus
643 3610 795 3677 Babrium
817 3612 973 3694 nouerint,
995 3630 1053 3676 nos
1080 3610 1228 3695 impediri
1247 3607 1301 3680 tnc

150 3730 223 3776 cum
253 3711 346 3778 tertio
368 3711 496 3778 sacculo
518 3711 571 3778 uel
593 3711 703 3778 seriori
725 3733 807 3780 aeuo
833 3701 1047 3794 assignemus'
1072 3710 1115 3795 (p.
1140 3711 1184 3793 3).
1227 3714 1300 3782 Meo

151 3810 282 3895 quidem
309 3812 427 3880 iudicio
455 3810 530 3877 hinc
559 3813 702 3894 sequitur
728 3815 825 3898 plane
851 3813 1004 3878 incertam
1031 3831 1102 3878 csse
1124 3815 1301 3896 quamlibet

151 3914 458 3998 argumentationem
486 3932 507 3978 a
534 3915 605 3980 sola
633 3915 742 3998 lingua
767 3913 1035 4000 proficiscentem,
1063 3917 1250 3997 praesertim
1273 3919 1301 3984 si

151 4015 184 4080 in
206 4015 401 4099 singularum
424 4015 618 4082 locutionum
640 4014 737 4082 fidem
761 4021 792 4082 et
807 4014 1028 4082 auctoritatem
1042 4033 1106 4080 non
1122 4019 1300 4084 accuratius

151 4114 356 4197 inquistueris
379 4134 475 4197 quam
496 4116 660 4200 inquisiuit
674 4115 865 4184 ZacharIae:
888 4136 962 4182 nam
984 4116 1065 4207 sicut
1088 4117 1173 4183 tertii
1197 4118 1302 4200 quarti

202 4224 318 4276 Leipzigsr
330 4224 431 4267 Studien.
457 4223 485 4264 11.
1064 4237 1093 4288 ῃ
