3138 4872
567 409 599 466 de
616 409 712 466 Babrii
728 413 826 466 aetate.
1213 413 1275 475 159

121 602 181 668 pro
209 580 338 663 aequali
365 583 480 650 saltem
508 583 647 650 uirorum
675 582 804 649 illorum
833 581 946 650 haberi
975 588 1094 668 potest,
1122 591 1197 653 ante
1220 607 1277 655 eos

123 683 245 751 uixisse
274 681 413 748 dicatur!
457 683 576 750 Verum
604 703 667 750 non
697 681 793 750 modo
815 704 878 751 non
900 689 1021 753 certum
1043 690 1106 768 est,
1131 686 1275 755 fabulam

123 787 215 852 illam
246 806 263 852 c
285 784 447 850 Pausania
468 821 510 830 -
533 785 623 852 cuius
651 789 789 851 aetatem
812 784 928 853 finibus
951 787 1029 853 satis
1051 790 1195 872 angustis
1217 791 1275 856 cir·

124 885 337 955 cumscribere
359 885 428 970 ipse
451 886 561 954 Nabar
582 887 674 971 proll.
686 887 779 954 Phot.
790 887 854 952 lex.
866 905 897 969 p.
911 890 951 952 39
963 907 1034 972 sqq.
1049 889 1167 956 frustra
1181 911 1273 957 cona-

121 995 175 1058 tur
199 1025 241 1036 -
266 987 415 1055 haustam
444 1007 531 1071 esse,
559 986 618 1054 sed
645 1008 686 1055 ne
707 989 812 1055 simile
834 987 962 1070 quidem
984 989 1069 1074 ueri;
1097 990 1168 1076 ipse
1191 993 1275 1060 enim

121 1091 257 1158 Photins
280 1090 320 1156 de
344 1089 507 1156 Pausania
526 1089 560 1154 in
582 1089 779 1156 bibliotheca
796 1089 874 1155 dicit
892 1091 961 1156 cod.
981 1095 1054 1156 153:
1077 1083 1273 1181 ἀνεγνώσθη

109 1185 156 1258 4δ’
184 1189 218 1257 ἓν
238 1194 287 1276 τῴ
309 1183 401 1275 αὐτῷ
422 1188 531 1271 τεύχει
554 1189 631 1274 (quo
647 1191 795 1276 Dionysii
816 1191 957 1272 lexicon)
974 1197 1169 1260 Παυσανίου
1186 1193 1243 1272 λεξ
1257 1231 1273 1244 -

121 1292 180 1360 τὸν
201 1291 285 1358 κατὰ
308 1303 481 1374 στοιχεῖον,
505 1283 599 1358 οὐδὲν
622 1291 758 1358 ἐ’λαττον
780 1294 846 1357 τῶν
868 1297 1118 1381 προειρημένων
1144 1294 1275 1375 εἰςτὰς

129 1389 277 1471 Ἀττικὰς
300 1391 563 1479 συναναχνιόσεις
582 1391 760 1480 χρήσιμον,
790 1391 887 1482 εἰμὴ
909 1397 964 1460 κα1
987 1397 1130 1478 μᾶλλον·
1160 1395 1190 1462 εἰ
1211 1396 1274 1486 γὰρ

121 1499 179 1562 καὶ
200 1509 292 1572 ταῖς
314 1499 569 1583 μαρτυρίαις
592 1493 863 1581 ἐνδεέστερον
887 1493 969 1576 ἐ’χει
988 1490 1062 1562 ἀλλ’
1082 1483 1139 1563 οὗν
1155 1497 1189 1564 ’έν
1203 1521 1274 1566 τισι

120 1601 189 1664 τιῦν
218 1602 389 1678 στοιχείων
416 1594 505 1662 πολὺ
534 1608 610 1673 ταῖς
636 1593 744 1672 λέξεσι
765 1593 943 1675 πλεονάζει
964 1599 1042 1664 κτλε
1070 1599 1275 1680 integram

122 1701 220 1788 igitur
233 1700 320 1766 fere
341 1697 392 1764 ad
414 1697 580 1765 uerbum
602 1697 783 1764 fabulam
801 1699 891 1764 illam
906 1717 979 1766 eum
995 1700 1274 1784 exscripsisse

123 1803 196 1886 quis
219 1798 381 1884 credatu
396 1835 437 1845 —
454 1799 548 1866 Certe
563 1799 674 1866 Nabar
688 1799 902 1866 coniecturam
916 1800 1006 1866 illam
1020 1821 1084 1866 non
1098 1802 1272 1886 fecissem),

121 1904 184 1971 nisi
206 1923 296 1970 suam
318 1900 359 1968 de
381 1900 492 1967 Babrii
514 1905 620 1967 aetate
642 1901 823 1986 opinionem
849 1901 1101 1986 praeindicatam
1123 1903 1274 1984 omnique

120 2005 185 2072 fide
208 2003 392 2072 destitutam
414 2002 525 2084 utique
539 2000 666 2068 firmare
681 2002 843 2070 uoluisset.
880 2003 956 2069 Mea
969 2002 1098 2086 quidem
1113 2003 1273 2070 sententia

121 2106 190 2175 ueri
211 2127 275 2173 non
297 2111 346 2172 est
368 2104 522 2172 dissimile
543 2105 759 2188 patriarcham
775 2104 993 2172 doctissimum
1008 2104 1183 2172 uersiculos
1198 2105 1272 2172 illos

120 2213 237 2294 poetae
259 2205 347 2291 apud
368 2206 561 2292 Byzantinos
584 2207 663 2273 satis
684 2206 802 2273 nobilis
824 2243 865 2252 —-
887 2207 1023 2274 sortasse
1048 2205 1153 2290 ipsum
1176 2206 1272 2273 ctiam

120 2308 325 2395 prouerbium
342 2308 439 2374 -de
461 2327 519 2374 suo
541 2305 709 2391 adiecisse,
731 2313 766 2372 ut
787 2327 895 2374 sacrat
916 2308 1042 2391 glossas
1064 2306 1184 2373 adiecit
1203 2309 1271 2392 plu-

212 2462 235 2522 1)
252 2457 346 2523 Ipsum
369 2456 450 2508 etiam
473 2455 647 2522 prouerbium
669 2455 735 2507 illud
759 2453 809 2520 τὴν
832 2460 907 2524 χεῖρα
925 2461 1117 2528 προσφέροντα
1134 2454 1273 2511 τὸνθεόν

121 2541 218 2596 καλεῖν
236 2539 306 2594 sitne
323 2539 389 2592 satis
407 2537 547 2606 antiquum
565 2537 685 2591 dubitari
701 2541 801 2606 potest,
822 2553 886 2590 nam
903 2553 989 2606 neque
1007 2541 1035 2593 in
1053 2541 1143 2610 ampla
1161 2543 1273 2598 Zenobii

119 2627 152 2688 V,
173 2629 206 2679 93
226 2622 408 2692 disputatione
425 2621 574 2688 legitur-
591 2621 637 2688 qui
655 2619 706 2674 σὺν
721 2619 829 2688 Ἀθηνᾷ
846 2625 892 2672 καὶ
908 2626 985 2692 χεῖρα
1002 2629 1071 2676 τινα
1091 2625 1205 2680 formam
1223 2643 1271 2682 ue·

119 2709 264 2765 tustiorem
281 2707 404 2762 seruauit
423 2722 484 2761 cum
501 2705 668 2772 Diogeniano
687 2706 745 2770 (ubi
763 2705 861 2760 collato
873 2705 972 2759 Zenob.
985 2721 1012 2774 p.
1025 2711 1081 2772 158,
1092 2713 1107 2762 6
1117 2723 1173 2776 sqq.
1186 2713 1271 2764 mani·

121 2792 223 2848 festum
246 2797 368 2846 tenemus
386 2791 607 2862 interpolatorem
625 2789 793 2859 eundemque
812 2791 1034 2859 epitomatorem),
1051 2790 1187 2860 Hesychio
1205 2809 1226 2847 s.
1245 2812 1271 2848 u.

122 2877 178 2939 tubi
193 2872 349 2941 Ἀθανᾷελ
365 2880 430 2946 χέρα
448 2875 559 2942 dorice),
576 2875 632 2929 fab.
648 2873 749 2930 AesF
768 2879 816 2928 308
832 2901 866 2921 =
880 2875 906 2928 H
925 2879 987 2940 300,
1013 2873 1097 2929 Suida
1115 2891 1136 2930 s.
1150 2893 1175 2931 n.
1193 2905 1227 2918 -
1245 2887 1272 2932 et

121 2963 259 3031 exemplar
275 2967 354 3018 uetus
373 2960 408 3015 ad
426 2960 499 3030 quod
516 2959 610 3015 fictum
628 2959 664 3014 sit
681 2961 820 3014 seruatum
838 2963 880 3014 est
896 2974 914 3014 a
931 2958 1078 3015 Plutarcho
1091 2960 1158 3018 Inst.
1167 2960 1269 3016 Lacon.

120 3061 147 3114 p.
167 3049 215 3100 239
230 3044 255 3098 Α
271 3071 305 3091 --
318 3043 414 3114 Apost.
430 3044 490 3112 XV,
505 3049 536 3098 92
555 3043 608 3097 τὰν
624 3048 700 3114 χεῖρα
717 3047 901 3115 ποτιφέροντα
922 3041 986 3096 τὰν
1003 3039 1113 3110 τύχαν
1130 3043 1229 3098 καλεῖν.
1257 3043 1271 3098 ὁ

121 3129 188 3183 θεὸς
204 3128 349 3184 locutionis
367 3129 533 3184 substitutae
550 3130 675 3202 exempla
691 3127 896 3184 innumerabilia
914 3129 988 3198 apud
1009 3129 1156 3198 scriptores
1173 3132 1270 3187 aetatis

122 3214 292 3270 Christianae
308 3213 483 3268 inueniuntur
500 3213 546 3279 (of.
557 3229 579 3268 e.
587 3230 611 3282 g.
622 3212 711 3268 Rohd.
723 3212 800 3268 Rom.
809 3231 835 3283 p.
846 3217 895 3268 493
908 3213 980 3280 adn„
998 3214 1112 3270 Photius
1124 3215 1143 3269 l.
1153 3231 1175 3270 s.
1186 3231 1208 3270 s.
1220 3215 1271 3270 τὸν

121 3299 192 3352 θεὸν
207 3295 284 3364 εὔχσν
299 3313 350 3367 pro
364 3297 459 3352 Babrii
473 3296 534 3350 τούς
545 3297 628 3351 θεοὺς
642 3295 699 3363 αλ),
711 3297 857 3366 prouerbia
870 3303 960 3354 autem
973 3299 1100 3355 trimetris
1117 3302 1272 3370 conscripta

121 3399 202 3452 quam
220 3397 301 3450 saepe
312 3381 420 3436 noaicia
432 3385 523 3437 essent
540 3388 567 3437 et
579 3383 728 3453 Byzantina
739 3382 798 3451 ipse
809 3381 835 3436 Ν
837 3381 903 3436 aber
914 3383 991 3437 Phot.
1002 3385 1054 3439 lex.
1065 3385 1078 3438 I
1089 3400 1116 3452 p.
1127 3389 1159 3438 43
1171 3399 1209 3454 sq.
1224 3385 1269 3440 de·

120 3467 292 3521 monstrauit.
318 3465 458 3521 Sententia
476 3467 661 3522 uetustissima
678 3474 719 3522 est
731 3473 758 3522 et
770 3466 945 3532 nobilissima,
963 3467 998 3522 cf.
1011 3485 1038 3522 u.
1050 3484 1073 3522 c.
1082 3468 1182 3522 Aesch.
1193 3468 1269 3524 Pers,

122 3556 172 3606 742
189 3545 259 3604 ὅταν
277 3548 381 3622 σπεύδῃ
398 3569 440 3604 τις
452 3549 539 3616 αὐτὸν,
556 3547 596 3617 χώ
610 3550 675 3605 θεὸς
686 3550 862 3616 συνάπτεται,
879 3553 975 3622 Eurip.
985 3551 1021 3607 ir.
1031 3557 1079 3607 435
1091 3552 1173 3606 Dind.
1192 3548 1271 3606 αὗτόε

119 3657 147 3689 τι
167 3638 220 3689 νῦν
237 3631 314 3706 δρῶν
331 3634 391 3688 εἶτα
408 3633 540 3704 δαίμονας
557 3635 644 3690 κάλει·
659 3643 668 3706 ΙΙ
680 3637 720 3702 τῷ
738 3635 790 3708 γὰρ
802 3639 934 3690 πονοῦντι
945 3643 991 3689 καὶ
1003 3635 1069 3690 θεὸς
1080 3634 1269 3704 συλλαμβάνει,

118 3720 205 3790 Iphig.
216 3720 300 3774 Taur.
310 3723 355 3774 911
378 3713 412 3785 ἢν
429 3717 462 3774 δέ
477 3739 518 3774 ras
535 3719 677 3795 πρόθυμος
694 3712 719 3792 ᾖ,
734 3721 743 3789 ΙΙ
755 3721 868 3775 σθένειν
881 3719 913 3774 τὸ
925 3722 1014 3788 θεῖον,
1032 3721 1133 3774 Electr.
1146 3723 1178 3774 80
1191 3716 1271 3793 ἆρχὸε

119 3803 171 3876 γὰρ
194 3801 283 3857 οὐδεὶς
299 3802 382 3857 θεοὺς
398 3806 470 3870 ἔχων
487 3800 540 3858 ἀνὰ
557 3805 646 3874 στόμα
660 3807 669 3874 ΙΙ
680 3811 745 3874 βίον
762 3802 872 3859 δύναιτ’
888 3801 923 3858 ἂν
940 3803 1076 3876 ξυλλέγειν
1093 3801 1158 3856 ἄνευ
1175 3805 1270 3872 πόνου,

119 3889 209 3944 Plant.
223 3888 288 3943 cist
298 3888 319 3956 l,
332 3894 353 3956 1,
364 3894 395 3943 51
415 3892 473 3944 sine
490 3905 574 3959 opera
591 3893 640 3944 tua
657 3890 695 3944 nil
713 3889 741 3945 di
756 3891 861 3945 horunc
878 3889 969 3944 facere
986 3893 1109 3959 possunt.

206 3977 232 4041 2)
250 3973 283 4027 ln
300 3973 387 4029 lexico
404 3975 483 4044 proll.
495 3991 524 4044 p.
536 3980 569 4030 40
578 3989 618 4043 sq.
636 3974 664 4029 id
680 3991 764 4029 unum
782 3975 937 4043 suspicatus
955 3975 1005 4038 est,
1023 3973 1186 4030 Pausaniam
1204 3991 1268 4046 pro-

120 4057 277 4113 uerbiornm
294 4058 383 4113 Photii
405 4059 562 4128 primarium
580 4074 639 4116 esse
655 4058 771 4127 fontcm;
794 4060 827 4116 de
844 4059 896 4114 hcc
913 4058 973 4128 ipso
990 4057 1057 4113 nihil
1075 4061 1183 4130 statuit,
1206 4077 1269 4117 oum

120 4141 247 4198 statuerit
265 4141 298 4198 de
316 4143 376 4199 aliis
393 4161 420 4214 p.
432 4149 464 4200 43
475 4161 532 4214 sqq.

1016 4247 1064 4301 11*
