3118 4870
584 373 617 429 de
633 373 727 428 Babrii
744 376 840 429 aetate.
1228 374 1289 436 227

140 542 304 612 codicibus
319 541 445 609 Aldinis
468 547 597 610 seruata
617 543 755 628 primum
776 563 911 629 poeseos
926 545 1106 614 Babriauae
1128 549 1290 634 specimen

140 645 322 714 homiuibus
345 645 447 712 doctis
465 645 621 730 praebuit.
660 645 709 709 Eu
727 644 827 712 habes
850 665 1022 713 summam:
1045 647 1180 717 hirundo
1200 648 1289 733 (olim

138 746 313 812 Pandionis
342 744 423 831 filia)
454 747 495 812 ab
524 766 601 830 agro
631 747 762 814 euolaus
791 748 910 832 reperit
934 747 1101 815 lusciniam
1122 749 1288 836 (sororem,

119 933 121 936 Ι
139 847 234 915 Terei
249 848 403 933 uxorem),
427 849 544 932 Itylum
560 867 651 914 suum
671 845 840 914 deflentem
856 847 921 930 (uu.
944 849 1048 934 1-6),
1063 856 1104 932 οῖ
1118 859 1288 936 postquam

137 950 276 1016 salutem
299 949 329 1014 ei
351 948 434 1014 dixit
456 949 561 1031 deque
581 949 703 1015 infelici
726 949 792 1016 eius
815 967 937 1030 suaque
955 949 1056 1036 ipsius
1075 958 1160 1020 sorte
1175 961 1288 1036 questa

138 1057 204 1134 est,
227 1050 269 1117 ad
291 1069 403 1136 agrum
426 1049 685 1132 domiciliumque
708 1049 872 1117 hominum
898 1071 1007 1118 secum
1030 1058 1063 1119 ut
1086 1054 1195 1121 ueniat
1217 1076 1286 1142 per-

136 1151 273 1219 suadere
296 1151 326 1217 ei
348 1150 454 1218 studet
475 1151 540 1234 (uu.
557 1156 574 1216 7
581 1151 685 1236 -18).
730 1151 880 1218 Luscinia
902 1159 1026 1220 autem:

278 1282 307 1332 20
332 1267 371 1335 ἔοι
393 1293 434 1352 με
456 1273 597 1356 πέτραις
620 1266 771 1352 ἐμμένειν
794 1260 962 1358 ἀοικήτοις

332 1373 389 1436 καὶ
410 1369 454 1457 μή
478 1363 516 1453 μ’
537 1362 667 1458 ὀρεινῆς
689 1361 830 1454 δργόδος
852 1369 892 1435 οδ
912 1379 1089 1461 χωρίσοῃς.

330 1470 415 1555 μετὰ
437 1469 497 1548 τὰς
512 1463 660 1558 Ἀθήνας
684 1465 788 1558 ἄνδρα
810 1475 865 1538 καὶ
888 1472 988 1540 πόλιν
1011 1475 1131 1562 φεύγω·

333 1569 422 1650 οἶκος
445 1573 480 1639 δέ
502 1597 562 1656 μοι
584 1575 653 1649 πᾶς
674 1563 854 1656 κόιπίμιξις
873 1567 1066 1660 ἀνθρώπων

329 1673 437 1762 λύπην
458 1675 614 1740 παλαιῶν
638 1676 818 1761 συμφορῶν
841 1667 1020 1752 ἇναξοιίνει.

132 1792 164 1856 Α
187 1793 348 1859 ueteribus
376 1801 541 1879 poetarum
565 1793 758 1860 Graecorum
787 1794 906 1860 fabulis
934 1794 1015 1860 haec
1047 1795 1284 1864 narratiuncula

132 1892 355 1962 diuersissima
376 1904 424 1962 est
446 1914 550 1977 neque
572 1895 604 1960 iu
622 1894 800 1962 Phaedreis
822 1901 878 1962 aut
895 1895 1051 1978 Aesopeis
1074 1913 1154 1978 quas
1177 1895 1286 1963 dicunt

132 1995 283 2062 omuibus
305 1995 443 2063 similem
465 1997 518 2063 uel
540 2016 636 2063 uuam
654 1996 814 2063 inuenies:
836 2014 941 2077 neque
957 1996 1040 2063 euim
1055 2002 1111 2064 aut
1126 1999 1284 2066 sententia

131 2097 244 2179 aliqua
271 2097 448 2164 illustratur
459 2097 483 2181 ¹)
512 2104 566 2164 aut
596 2096 705 2163 αἴτιον
735 2097 904 2181 exponitur
931 2105 987 2164 aut
1014 2098 1103 2165 iocus
1125 2099 1208 2164 iuest
1230 2099 1283 2166 uel
1330 2181 1337 2190 .

132 2198 310 2267 dicterium.
360 2199 412 2264 Ad
439 2199 688 2266 uetustissimam
717 2205 824 2265 autem
857 2199 987 2266 fabulae
1019 2199 1154 2266 formam
1186 2218 1283 2281 quam

131 2309 215 2365 uuuc
246 2299 380 2368 dicimus
399 2291 681 2366 ‘'Phierm'archeu'
711 2333 751 2344 —
783 2317 865 2380 quae
895 2299 1024 2380 quidem
1052 2300 1191 2386 propriis
1218 2301 1284 2367 illis

130 2401 292 2468 interdum
315 2408 456 2468 caret-
474 2401 642 2481 quominus
657 2400 840 2481 referamus,
862 2400 1045 2466 uniuersum
1060 2407 1282 2484 argumentum

130 2503 226 2569 nimis
257 2502 354 2568 molle
383 2509 415 2569 et
444 2499 648 2566 artificiosum
671 2497 805 2583 impedit
828 2504 860 2562 et
881 2500 976 2581 plane
1003 2500 1084 2566 illud
1110 2502 1282 2586 singulare,

130 2603 218 2686 quod
240 2603 361 2669 nullum
385 2601 515 2670 omuino
537 2600 570 2665 iu
593 2620 632 2666 ea
653 2599 737 2665 inest
758 2599 887 2681 factum,
910 2599 968 2664 scd
989 2599 1068 2665 nihil
1087 2601 1149 2668 nisi
1166 2605 1281 2672 oratio·

129 2725 189 2773 nes
212 2705 306 2772 duae.
343 2705 411 2771 lam
434 2704 463 2769 si
484 2722 623 2786 quanam
644 2700 845 2786 potissimum
860 2705 967 2766 aetate
982 2699 1057 2766 talis
1071 2702 1193 2766 fabella
1207 2703 1283 2770 oriri

129 2806 270 2892 potuerit
298 2807 439 2890 quaeris,
470 2805 586 2870 iterum
615 2804 671 2870 uix
697 2801 795 2868 aliam
817 2801 961 2868 inuenies
983 2799 1045 2866 uisi
1067 2801 1280 2885 sophistarum

10 2927 12 2938 ’
52 2901 60 2914 “
129 2908 191 2974 sub
219 2907 466 2992 imperatoribus
488 2905 640 2972 Romanis
668 2904 794 2970 florem:
823 2922 898 2967 uam
926 2902 950 2968 ii
974 2900 1069 2986 primi
1090 2911 1280 2985 argumenta

130 3008 314 3074 tractabant
328 3008 488 3076 Babru'auo
512 3007 585 3073 huic
598 3005 716 3072 similia
732 3000 849 3087 (Rohd.
865 3004 955 3070 Rom.
971 3023 1001 3087 p.
1019 3005 1080 3066 352
1099 3002 1172 3070 adn.
1192 3003 1223 3087 1)
1240 3041 1282 3052 -

130 3111 220 3177 uelut
246 3094 325 3196 ἦρος
355 3107 513 3184 ἐπαίνους
542 3097 562 3194 ἢ
580 3104 759 3188 χελιδόνιον
781 3094 802 3192 ἢ
825 3097 975 3192 ἀηδόνιον
996 3102 1163 3186 (Themist.
1180 3125 1224 3173 or.
1241 3109 1281 3172 26

130 3232 161 3296 p.
178 3214 240 3276 329
263 3209 319 3295 D.)
343 3216 375 3278 et
395 3207 438 3274 τὰ
460 3211 539 3296 περὶ
560 3206 620 3295 τὴν
639 3206 794 3289 χελιδόνα
817 3204 942 3289 (8011011.
961 3203 1111 3287 Hermog.
1128 3228 1165 3270 π.
1183 3204 1280 3272 ἰδεῶν

130 3333 161 3398 p.
178 3315 240 3376 415
264 3310 351 3396 Ald.)
375 3347 416 3358 -
439 3317 534 3392 atque
566 3309 643 3392 quid
671 3313 757 3375 certa
785 3307 925 3390 quadam
954 3305 1140 3373 condicione
1162 3308 1279 3389 aliquis

219 3516 242 3580 l)
260 3513 344 3568 Nihili
362 3513 427 3567 suut
444 3525 513 3580 quae
531 3509 702 3579 epimythista
719 3507 815 3574 (Hoch.
826 3523 853 3576 p.
865 3508 957 3570 ltro)
976 3505 1074 3560 adiecit
1085 3521 1111 3559 u.
1122 3508 1153 3559 25
1164 3519 1221 3574 sqq.
1236 3511 1280 3572 (ex

131 3599 229 3669 quibus
241 3598 334 3652 Keller
351 3613 377 3666 p.
391 3600 440 3651 390
459 3594 572 3664 colligit:
591 3589 733 3647 ‘zeitweise
750 3593 843 3646 hasste
861 3605 891 3645 er
909 3590 957 3645 das
972 3589 1097 3644 Getrcibe
1109 3588 1156 3644 der
1167 3605 1279 3658 grosseu

130 3683 212 3738 Welt.
247 3682 355 3737 Femab
376 3697 428 3737 von
453 3679 501 3735 der
518 3678 615 3746 Menge
639 3677 734 3733 ruchte
760 3675 816 3730 und
836 3674 902 3729 land
920 3673 995 3728 erin
1012 3673 1208 3729 litterarischer
1226 3676 1277 3730 Be-

131 3767 303 3836 sehaftigung
321 3766 404 3821 Trost
420 3763 465 3819 fur
482 3763 524 3818 die
543 3762 684 3829 wanden,
706 3761 749 3816 die
765 3761 822 3814 ihm
840 3759 883 3814 eiu
900 3757 1060 3812 feiudliehes
1079 3757 1216 3813 Gesclrick
1233 3775 1277 3828 ge-

131 3853 261 3921 schlageu
282 3846 396 3917 hatte),
418 3847 584 3917 lepidissima
608 3849 699 3901 autem
719 3844 916 3916 paraphrastue
934 3839 1069 3895 Marciani
1086 3843 1219 3898 sententia
1237 3849 1279 3900 est

109 3923 114 3936 ’
131 3937 192 4002 (Kn.
207 3953 234 4007 p.
254 3942 264 3990 1
280 3936 353 4000 adu.)
372 3929 388 4000 ἦ
404 3936 456 4002 μὲν
472 3928 588 3999 χελιδών
605 3934 660 3984 τοῖς
679 3932 708 3982 ἐν
725 3930 765 3996 τῷ
785 3923 878 3995 κόσμῳ
900 3921 1061 3995 ἀνθρώποις
1078 3923 1278 3998 παρεικάζιται,

130 4018 146 4086 ἡ
165 4018 195 4074 δὲ
211 4018 306 4088 ἇηδών
323 4023 379 4073 τοῖς
396 4015 549 4089 φιλορήμοιι
566 4013 635 4068 κατὰ
651 4013 721 4066 θεὸν
734 4015 868 4081 poenos,
886 4009 984 4064 οἴνινον
995 4008 1044 4062 τδν
1057 4007 1159 4078 κόσμον
1170 4013 1278 4086 ἔφυγον,

131 4105 324 4175 Hertaborgius
342 4121 368 4174 p.
383 4107 428 4157 tuo
448 4119 481 4158 ex
499 4100 622 4158 uersibus
641 4097 742 4155 ultimis
757 4097 827 4152 falso
841 4096 1000 4152 seutentiam
1012 4095 1163 4164 generalem
1178 4097 1277 4154 elicuit.
