3138 4872
577 399 610 453 de
628 397 720 453 Bahrii
737 403 833 454 aetate.
1222 401 1283 464 189

132 565 291 654 πενιχρὸν
315 566 429 650 ζῶμεν,
454 566 574 644 οἵτινες
590 563 666 634 or'r'rc
681 569 812 634 λέουσιν
828 565 903 636 οὔτε
922 566 1055 658 ἄρκτοις
1069 571 1251 656 μαχόμεθα
1259 580 1281 642 “.

131 669 184 735 De
207 669 379 736 uenatione
402 669 575 736 hostiarum
597 670 770 736 liberarum
800 671 861 739 hoc
888 674 958 740 loco
982 674 1114 758 cogitari
1141 697 1204 743 non
1226 699 1281 763 po-

132 776 211 854 test,
241 788 346 852 neque
368 771 452 836 enim
475 771 594 838 multae
624 791 732 838 earum
763 770 796 837 ἒν
822 771 915 850 τάξει
939 773 1113 858 ἱστάμεναι
1140 785 1283 862 pugnant

132 877 189 937 aut
211 871 300 938 canis
323 891 379 938 eas
401 871 525 956 fugiens
549 870 605 939 διὰ
620 875 687 938 τῶν
710 865 873 960 apposui
896 877 993 942 currit
1009 884 1064 943 aut
1079 878 1188 946 leones
1204 879 1281 944 ursi-

132 993 195 1057 que
218 972 376 1040 coniuncti
398 994 542 1058 pugnare
565 975 676 1042 solent.
721 974 838 1040 Contra
861 976 968 1042 omnia
993 977 1074 1044 bene
1096 978 1281 1064 procedunt,

132 1076 160 1140 si
190 1075 370 1141 referuntur
397 1075 440 1140 ad
469 1076 694 1161 amphitheatri
718 1077 852 1143 Romani
878 1077 1078 1162 uenationes,
1111 1081 1282 1163 inquibus

131 1196 230 1242 canes
258 1176 300 1242 ad
329 1175 390 1243 hoc
418 1196 518 1260 genus
547 1177 711 1261 pugnandi
740 1177 876 1244 instituti
904 1177 1043 1266 (θηρσὶν
1073 1179 1198 1260 εἰδότες
1219 1183 1282 1266 μά-

128 1282 268 1359 χεσθαι)
282 1277 305 1360 ¹)
329 1298 399 1344 cum
414 1277 490 1344 feris
510 1314 549 1323 -
572 1279 728 1363 imprimis
751 1299 822 1345 cum
844 1280 924 1364 ipsis
938 1281 1085 1348 leonibus
1100 1283 1245 1366 ursisque
1254 1285 1281 1370 ²)
1381 1371 1387 1376 ἢ

130 1417 172 1426 -
197 1380 450 1446 colluctabantur
473 1386 505 1446 et
527 1380 588 1446 soli
612 1387 643 1446 et
665 1384 851 1446 uenatorum
874 1381 1006 1448 comites
1016 1383 1052 1466 ³).

218 1481 280 1546 Tot
307 1489 372 1546 tam
401 1481 570 1564 perspicua
592 1479 669 1546 artis
690 1481 855 1564 metricae,
884 1482 1030 1566 linguae,
1056 1483 1143 1552 uitae
1166 1487 1279 1553 Roma·

130 1602 193 1648 nae
216 1579 352 1665 uestigia
373 1581 430 1648 uix
452 1601 491 1648 eo
514 1581 617 1666 possis
639 1581 818 1667 explicare,
841 1582 927 1663 quod
949 1583 1101 1651 Babrium
1124 1586 1281 1654 Graecum

129 1681 230 1748 fuisse
260 1683 399 1750 conicias
425 1683 507 1748 inter
529 1684 689 1750 Romanos
712 1683 882 1767 uiuentem,
913 1683 994 1750 sicut
1015 1685 1186 1769 Polybium
1208 1687 1280 1752 Plu-

130 1783 276 1850 tarchum
298 1785 389 1851 alios.
434 1785 505 1864 Quo
537 1783 662 1851 aceedit
691 1783 844 1850 indicium
865 1784 1089 1868 grauissimum
1117 1786 1159 1851 ab
1182 1785 1281 1853 homi·

129 1884 225 1950 nibus
248 1885 351 1952 doctis
374 1885 604 1954 recentioribus
633 1887 705 1971 plus
727 1885 811 1952 iusto
834 1887 1028 1971 neglectum:
1064 1907 1180 1954 nomen
1209 1888 1281 1953 dico

129 1993 255 2071 poetae.
310 1986 437 2054 Certum
469 1988 553 2054 enim
586 1993 636 2053 est
667 1985 901 2071 Babrium4)
936 1987 1110 2054 hominis
1143 2009 1282 2056 nomen

219 2190 242 2251 1)
261 2187 314 2242 Ubi
330 2187 445 2241 Hartelii
463 2187 618 2242 coniectura
635 2187 744 2255 elegans
763 2184 859 2240 δεδιώς
877 2187 1025 2256 speciosior
1037 2191 1078 2244 est
1090 2203 1171 2256 quam
1182 2190 1280 2245 uerior.

129 2269 172 2323 De
189 2285 219 2323 re
237 2270 272 2324 cf.
283 2270 384 2325 Friedl.
395 2271 525 2326 Darstell.
535 2272 562 2324 Il
571 2289 598 2340 p.
610 2275 666 2325 382.
695 2271 777 2339 Apud
794 2273 946 2326 Martialem
959 2273 1006 2340 XI,
1017 2277 1082 2341 89,1
1102 2271 1189 2344 Lydia
1206 2275 1281 2329 cauis

129 2353 284 2408 celebratur
301 2351 549 2422 ‘amphitheatrales
567 2356 638 2408 inter
655 2355 758 2408 nutrita
775 2353 941 2423 magistros'.

217 2443 243 2503 2)
262 2439 427 2492 Coniunctus
445 2453 492 2492 eos
510 2439 632 2492 inuenies
650 2437 731 2490 Mart.
747 2443 831 2504 spect.
851 2443 896 2505 18,
911 2444 926 2493 3
941 2455 1012 2508 ιιιιμ
1030 2436 1085 2495 ‘ille
1099 2444 1127 2495 et
1140 2441 1283 2512 praecipiti

129 2521 270 2576 uenabula
289 2520 409 2574 condidit
426 2535 490 2574 urso
501 2561 507 2573 .
520 2561 526 2574 .
540 2519 656 2573 ,strauit
673 2523 701 2574 et
711 2560 717 2572 .
729 2560 734 2571 .
747 2558 753 2572 .
764 2515 890 2574 leonem'.

218 2606 243 2668 3)
262 2603 381 2658 Easdem
398 2604 556 2658 uenationes
575 2603 659 2658 habes
677 2603 754 2658 Rom.
763 2603 810 2669 ΙΙΙ,
825 2608 835 2656 1
848 2631 879 2650 -—.
889 2603 1005 2658 Phaedr.
1016 2605 1119 2660 Dressl.
1130 2624 1193 2678 app.
1203 2611 1238 2678 H,
1252 2616 1281 2666 14

128 2696 211 2759 (quae
235 2687 329 2742 fabula
352 2688 417 2743 licta
441 2693 483 2742 est
506 2703 540 2742 ex
566 2687 650 2742 nobili
668 2688 701 2742 de
718 2687 855 2742 Androcle
872 2687 1028 2741 narratione
1045 2687 1110 2742 Gell.
1122 2692 1154 2755 V,
1176 2699 1220 2760 14,
1243 2700 1280 2748 ιο,

129 2775 189 2828 Ael.
200 2790 226 2827 n.
238 2772 332 2838 a.VlI‚
343 2777 394 2839 48).
424 2773 506 2842 Apud
526 2773 646 2828 Graecos
664 2776 771 2828 ueteres
790 2771 876 2827 simile
893 2771 960 2825 nihil
977 2771 1122 2836 inuenitur,
1141 2774 1192 2828 nisi
1210 2777 1282 2844 quod

130 2857 255 2912 Thessali
273 2857 368 2912 diebus
388 2857 549 2926 quibusdam
565 2857 643 2912 festis
660 2857 755 2912 eadem
771 2857 828 2911 fere
846 2856 963 2920 ratione,
987 2869 1041 2922 qua
1062 2855 1215 2912 etiamnunc
1233 2860 1282 2914 Hi-

130 2943 217 3011 spani,
237 2959 297 2997 cum
314 2942 400 2997 tauris
419 2956 539 3011 pugnare
557 2941 695 2997 solebant:
716 2941 750 2996 ci.
761 2941 897 3010 Boettiger
913 2940 951 2994 kl.
962 2939 1053 2994 Schrr.
1063 2939 1103 2993 ΙΙΙ
1116 2957 1143 3010 p.
1154 2945 1204 2996 325
1214 2958 1281 3014 sqq„

131 3025 263 3092 Gerhard
282 3041 397 3096 ausgeu.
408 3027 603 3096 Vasenhllp.
614 3027 733 3093 48adn.,
756 3025 874 3095 Dilthey‚
892 3024 1160 3094 Archaeol.Zeitung
1177 3031 1250 3093 1818,
1266 3032 1280 3080 2

130 3116 208 3181 pato.
246 3110 298 3178 uui
315 3127 423 3165 mos-
442 3117 473 3164 ut
490 3111 665 3165 Baunackius
683 3109 786 3164 amicus
804 3125 847 3165 me
865 3109 957 3164 docuit
973 3109 1045 3164 hunc
1061 3110 1151 3164 locum
1168 3126 1281 3166 accura-

130 3196 184 3250 tius
208 3198 310 3249 tractat
311 3211 428 3250 urus—
452 3195 566 3250 Romam
590 3195 699 3250 uidetur
723 3211 782 3250 esse
805 3195 954 3250 translatus
977 3193 1093 3262 indeque
1114 3194 1201 3262 primo
1225 3196 1282 3252 lere

131 3294 155 3334 a.
166 3279 230 3334 Chr.
241 3295 267 3332 n.
287 3279 421 3334 saeculo
413 3295 441 3333 nn
459 3279 615 3347 prouincias
634 3279 772 3348 dispersus
791 3279 930 3344 (Artemid.
941 3279 1056 3334 onirocr.
1067 3281 1090 3346 2,
1107 3283 1147 3333 35
1161 3285 1202 3348 54,
1222 3280 1249 3334 C
1260 3281 1280 3335 Ι

131 3363 382 3432 deoneratas.
395 3367 486 3418 1946.
504 3365 543 3417 Le
561 3363 649 3428 Bas,
641 3379 736 3418 rnsorr.
748 3363 772 3418 d
775 3365 839 3420 Asie
855 3365 921 3418 Min.
934 3368 984 3418 492
1002 3363 1083 3431 inque
1101 3363 1194 3430 primis
1212 3368 1280 3428 499).

130 3447 298 3516 Quamquam
316 3448 466 3503 recentiore
483 3449 573 3500 aetate
591 3447 665 3516 ipsas
678 3448 862 3504 Romanorum
877 3448 1036 3504 uenationes
1050 3462 1105 3500 non
1117 3447 1196 3502 modo
1209 3463 1281 3502 corn-

130 3531 291 3586 memorauit
308 3531 424 3600 Quintus
443 3532 606 3602 Smyrnaeus
618 3534 664 3599 VI,
680 3537 738 3600 532,
756 3533 805 3589 sed
822 3549 874 3588 usu
892 3533 973 3588 etiam
990 3534 1152 3600 receperunt
1169 3531 1280 3586 Graeci:

131 3616 165 3670 cf.
176 3632 248 3672 mon.
258 3617 326 3670 Anc
339 3617 368 3670 0.
378 3615 399 3670 I
411 3616 456 3670 Gr.
466 3620 578 3685 4039,.8
594 3620 630 3670 19.
640 3621 682 3673 48.

217 3706 243 3765 41
266 3701 337 3756 Nam
359 3701 484 3758 Bahrias
506 3700 622 3757 formam
645 3701 737 3757 fictam
761 3717 821 3758 esse
843 3717 860 3756 a
882 3699 1039 3770 Byzantinis
1065 3699 1118 3752 iam
1141 3659 1281 3758 Knochius

132 3799 191 3854 cap.
200 3784 249 3854 Ip.
261 3790 325 3854 leq.
345 3790 420 3840 recte
437 3786 542 3852 statuit,
561 3788 657 3840 contra
670 3801 748 3855 quem
760 3786 826 3840 nihil
840 3786 986 3840 effecerunt
998 3783 1029 3838 0.
1040 3783 1214 3839 Schneiderl.
1225 3801 1246 3840 s
1258 3802 1280 3843 s.

130 3884 157 3936 p.
168 3874 227 3936 531,
246 3869 356 3924 Hertzb.
366 3886 392 3938 p.
405 3875 461 3935 1811,
480 3870 588 3924 Hecker
597 3869 693 3925 Philol.
702 3871 727 3926 V
736 3887 762 3939 p.
772 3875 831 3935 195,
849 3869 960 3933 Preller,
971 3882 1085 3936 ausgew.
1095 3867 1174 3923 Auis.
1183 3886 1210 3938 p.
1221 3875 1280 3938 376,

130 3952 260 4007 Benseler
277 3953 305 4008 in
322 3953 418 4009 lexico.
446 3954 508 4009 Meo
527 3954 634 4024 quidem
652 3954 751 4009 iudicio
769 3954 798 4008 in
815 3954 868 4008 hac
884 3951 1042 4022 quaestione
1053 3953 1163 4008 testium
1174 3954 1280 4024 Byzan-

131 4037 248 4091 tinorum
270 4067 304 4077 -
328 4054 442 4107 quorum
464 4039 640 4108 grauissimus
665 4037 762 4092 Suidas
785 4042 909 4109 Βαβριαι
931 4030 947 4102 ἢ
968 4031 1087 4108 suppare
1107 4039 1229 4096 scribens
1251 4055 1281 4096 se

130 4120 219 4189 ipsum
237 4121 377 4190 prodit-
396 4124 472 4178 nulla
489 4124 597 4179 omnino
617 4125 659 4177 est
676 4121 838 4187 auctoritas,
863 4135 924 4175 cum
942 4120 1029 4176 solum
1046 4123 1199 4191 genetiuum
1216 4126 1280 4188 (Ra-

180 4213 297 4266 Leipaiper
311 4215 412 4258 Studien.
434 4216 462 4257 11.
1045 4229 1076 4278 13
