3138 4872
284 410 343 472 160
763 408 827 464 Otto
845 407 956 464 Ornatus

281 585 390 664 rimas,
413 585 450 648 cl.
473 581 556 648 Nab.
578 579 672 648 Phot.
687 580 750 646 lex.
766 581 807 661 Π,
827 585 888 646 450
904 597 992 663 sqq.:
1017 585 1103 646 certe
1125 577 1223 646 etiam
1245 578 1437 663 Georgides‚

284 685 339 770 qni
361 682 539 769 epimythia
559 681 698 767 plurima
720 681 852 748 exhibet
872 682 1051 766 Byzantino
1072 687 1217 766 tempore
1239 681 1438 766 interpolata

284 785 337 870 (42.
356 791 403 868 22,
423 789 461 849 24
476 803 523 867 sq.
540 787 591 850 24.
609 787 658 849 44.
676 785 726 848 44.
746 786 815 849 222.
834 786 902 866 243,
919 789 947 850 5.
973 788 1042 850 244.
1068 787 1126 847 244
1142 781 1285 868 suern),
1307 789 1338 849 44
1361 781 1436 849 Sui-

284 889 359 972 das‚
389 887 444 970 qui
473 886 515 953 de
541 885 661 952 Babrio
689 883 769 950 nihil
797 884 857 950 soit
883 883 944 951 nisi
966 883 1053 968 quod
1075 904 1116 951 ex
1141 884 1253 950 libello
1275 884 1346 969 ipso
1368 885 1435 951 ool-

282 989 341 1074 ligi
375 994 501 1075 poterat
537 985 590 1070 (cf.
616 983 792 1052 Schneider
818 986 840 1050 l.
862 1005 887 1052 s.
908 1006 934 1053 s.
954 1007 984 1072 p.
1008 985 1083 1071 535)
1110 991 1143 1050 42
1170 985 1266 1052 nimis
1295 984 1435 1071 praua1)

282 1088 442 1158 interdum
465 1087 598 1156 exhibet
620 1087 673 1153 uel
695 1085 869 1172 barbarol)
896 1089 1038 1156 locorum
1065 1087 1363 1172 interpretamenta,
1391 1107 1435 1152 ex

283 1196 412 1259 auctore
434 1190 566 1271 antiquo
588 1209 652 1255 non
673 1187 848 1254 hauserunt
869 1187 927 1256 4441
949 1189 1052 1255 solnm
1073 1188 1226 1255 Babrlum
1248 1188 1354 1274 ipsum
1376 1187 1433 1254 ad-

282 1293 463 1358 hibuerunt.
512 1289 626 1375 Neque
658 1287 779 1355 firmius
811 1293 859 1355 est
892 1289 1027 1356 alterum
1056 1290 1179 1359 Naberi
1211 1296 1434 1374 argumentum

284 1391 329 1476 (p.
353 1390 448 1475 422),
478 1391 564 1474 quod
585 1390 700 1456 iterum
722 1389 823 1475 ipsius
845 1391 913 1458 eius
935 1393 1042 1459 uerbis
1064 1393 1216 1475 referam,
1244 1412 1285 1458 ne
1307 1391 1433 1457 ratioci-

283 1493 445 1560 nationem
466 1493 633 1560 obscuram
655 1492 758 1574 magis
780 1492 877 1558 etiam
899 1494 1088 1560 obscurasse
1109 1493 1237 1560 uidear:
1258 1487 1350 1558 ‘Fab
1376 1482 1430 1556 17'

283 1594 387 1678 inquit
405 1589 592 1662 ‘ostendere
620 1594 753 1680 poterit,
782 1614 879 1678 qnam
907 1601 999 1662 uetus
1028 1599 1126 1680 pocta
1151 1593 1288 1660 Babrins
1321 1593 1432 1659 fuerit:

284 1716 347 1763 non
370 1695 454 1764 enim
475 1697 510 1762 in
532 1716 572 1764 ea
593 1695 666 1763 felis
681 1695 823 1762 muribus
837 1694 1014 1779 insidiator,
1038 1697 1096 1762 sed
1118 1696 1332 1762 mustelam
1354 1695 1431 1780 legi·

284 1817 354 1863 mus
382 1797 568 1864 insidiatum
595 1795 694 1862 fuisse
722 1795 905 1878 gallinis.
949 1799 1018 1863 Iam
1048 1796 1135 1882 apud
1156 1794 1339 1864 Phaedrum
1368 1795 1430 1862 fab.

283 1901 373 1981 1v‚2
397 1899 438 1964 de
459 1897 598 1965 mustela
619 1901 652 1962 et
672 1895 851 1961 muribus
874 1902 930 1963 est.
970 1899 1094 1966 Pariter
1114 1899 1147 1963 in
1169 1898 1279 1964 fabula
1301 1901 1340 1960 21
1365 1918 1431 1964 mn-

284 2001 367 2066 stela
388 2002 582 2066 memoratur
604 2002 636 2064 42
650 1995 745 2062 felem
760 1997 897 2063 Babrius
915 2019 979 2065 non
993 2001 1092 2082 nouit,
1115 2000 1204 2066 42124
1218 2020 1260 2066 24
1274 2000 1308 2066 12
1322 1999 1432 2065 fabula

285 2097 415 2182 quidem
439 2102 499 2163 108
521 2097 714 2164 mentionem
735 2097 821 2181 facit,
845 2119 942 2181 quum
964 2106 1073 2167 narrat
1093 2106 1128 2166 22
1148 2119 1219 2166 mus
1240 2101 1380 2167 urbanus
1402 2105 1433 2167 et

284 2199 420 2266 misticus
448 2203 601 2266 nootnmo
629 2203 773 2284 tempore
800 2201 1039 2285 trepidauerint.
1083 2203 1190 2268 Etiam
1218 2199 1306 2286 apud
1331 2201 1431 2268 Hora-

284 2301 363 2368 tium
385 2301 418 2366 in
441 2301 555 2368 eadem
575 2300 687 2366 fabula
708 2301 764 2368 leli
785 2301 980 2370 domesticae
1002 2304 1091 2371 locus
1112 2325 1176 2370 non
1198 2309 1256 2386 est,
1279 2303 1373 2369 Satin.
1391 2303 1431 2383 H,
1555 2311 1556 2354 1

285 2406 321 2487 6,
341 2405 380 2466 79
398 2452 404 2467 .
422 2453 429 2469 .
447 2393 462 2466 ἶ
509 2401 650 2468 Primum
677 2402 775 2488 igitur
801 2424 819 2470 e
841 2405 952 2472 fabula
978 2410 1014 2469 11
1038 2404 1189 2488 colligere
1211 2403 1336 2471 uidetur
1357 2409 1432 2470 ante

284 2501 469 2570 Phaedrum
491 2503 645 2571 Babrlum
672 2505 807 2589 uixisse,
837 2527 908 2574 cnm
930 2507 998 2574 fera
1019 2506 1061 2572 sit
1082 2505 1170 2590 apud
1192 2526 1265 2574 eum
1286 2505 1431 2586 mustela,

285 2605 372 2688 apud
400 2603 581 2670 Phaedrum
610 2613 777 2674 mansueta
804 2643 845 2654 -
872 2615 906 2676 at
933 2609 1023 2693 ipsae
1049 2606 1129 2673 feles
1157 2607 1353 2674 domesticae
1381 2606 1433 2673 uel

286 2705 382 2773 hodie
404 2706 432 2772 si
453 2714 588 2791 possunt
608 2707 738 2790 gallinis
755 2707 955 2791 insidiantur,
978 2713 1074 2792 atque
1090 2707 1137 2791 (id
1153 2708 1239 2791 qnod
1253 2707 1370 2775 summi
1385 2713 1433 2774 est

285 2807 451 2892 momenti)
482 2807 638 2895 αἴλουρος
664 2808 795 2875 fabulae
827 2812 865 2873 17
887 2807 934 2892 (et
961 2809 1035 2893 121)
1065 2831 1106 2876 ex
1131 2809 1249 2875 Hehnii
1277 2808 1433 2877 sententia

285 2930 315 2994 p.
339 2913 401 2974 402
424 2907 475 2974 ed.
497 2909 529 2974 11
550 2929 591 2975 ne
614 2915 662 2976 est
684 2909 813 2992 quidem
834 2911 971 2978 mustela
993 2909 1123 2998 (γαλῆ),
1153 2911 1211 2977 4441
1233 2911 1334 2978 meles
1356 2909 1433 2976 fera.

284 3011 372 3076 Inter
394 3011 562 3076 mustelam
587 3007 719 3096 (γαλῆν)
741 3017 848 3077 autem
863 3011 972 3078 Babrii
994 3017 1026 3079 et
1040 3011 1181 3080 Phaedri
1201 3012 1322 3079 nullum
1340 3011 1433 3078 inter-

286 3129 357 3178 esse
380 3110 551 3178 discrimen
573 3129 636 3177 non
657 3111 801 3195 negabis,
824 3113 950 3180 fabulas
972 3113 1095 3181 Athoas
1117 3117 1168 3179 27.
1192 3116 1229 3178 31
1255 3117 1288 3180 42
1308 3112 1432 3178 Vatica-

285 3230 360 3277 nam
386 3211 477 3294 1923)
500 3231 572 3278 oum
593 3211 734 3278 Phaedri
746 3211 801 3295 IV,
817 3217 846 3280 2.
863 3217 882 3278 6
904 3215 933 3280 41
954 3215 1178 3300 composueris.
1216 3213 1342 3282 Deinde
1358 3211 1433 3296 qnid

285 3311 429 3395 sequitur
458 3333 499 3379 ex
528 3333 582 3398 eo,
612 3313 698 3396 quod
721 3313 858 3380 Babrlus
879 3315 976 3383 felem
999 3316 1207 3385 domesticam
1229 3316 1262 3382 in
1284 3335 1433 3383 scaenam

374 3553 398 3616 1)
416 3547 499 3602 Uelut
516 3563 536 3601 4.
556 3564 581 3602 44.
600 3542 707 3620 omicida
723 3548 848 3618 legimus:
873 3555 918 3602 καὶ
939 3547 1062 3621 φωλάδος
1079 3547 1363 3621 caelatos-aporema·
1381 3545 1434 3600 Boi-

286 3639 361 3704 βριος
378 3629 484 3706 ‘aalide
502 3629 531 3684 δὲ
547 3638 646 3700 χαίτην
663 3632 763 3706 ἔκθορε
781 3630 904 3704 4441414144
921 3629 1029 3703 καίλη4’2
1047 3636 1094 3690 4441
1107 3633 1200 3705 ominis
1214 3635 1285 3689 hanc
1297 3633 1434 3688 notionem

286 3733 425 3786 nunquam
448 3718 537 3772 hahet.
573 3717 673 3774 Suidae
696 3719 833 3787 exemplar
855 3718 882 3773 h.
900 3718 917 3772 l.
939 3719 1068 3775 uitiosum
1090 3724 1163 3786 erat,
1188 3719 1304 3776 Babrins
1328 3717 1434 3772 Atheus

288 3823 315 3872 φ.
333 3808 423 3870 κοίτης
440 3808 514 3858 24424
531 3803 652 3872 praebet.

373 3891 399 3952 2)
416 3903 443 3941 2.
463 3903 486 3943 4.
505 3891 628 3961 πέτοορα
648 3891 704 3954 121,
727 3891 755 3940 13
774 3887 870 3942 Suidas
888 3887 1083 3958 interpretatur
1100 3895 1181 3960 τίγοα
1198 3893 1242 3954 (ε
1256 3889 1350 3956 tigna).

373 3975 398 4036 3)
415 3971 523 4026 Primus
547 3972 630 4027 edidit
653 3971 684 4026 P.
702 3971 857 4036 Knoellins,
876 3970 987 4027 Wiener
1010 3973 1137 4027 Berichte
1161 3976 1225 4028 1818
1249 3989 1276 4042 p.
1297 3977 1356 4028 688.
1376 3977 1433 4028 6911.

286 4054 320 4112 V.
339 4058 353 4108 8
371 4055 488 4110 mustela
504 4055 634 4124 gloriatur
652 4052 707 4128 dyo)
724 4051 823 4128 χρόνον
840 4057 972 4110 τοσοῦτον
990 4053 1110 4109 *ἐνθάδε
1128 4054 1263 4129 διατρίβω
1281 4057 1327 4124 (41.
1350 4062 1390 4122 85,
1410 4061 1434 4111 6.
1459 4081 1461 4086 ’

289 4144 346 4206 106,
357 4143 382 4208 2)
394 4141 404 4210 Ι)
417 4145 465 4192 καί
479 4135 511 4208 μ’
532 4136 614 4192 ἔνδον
632 4141 723 4193 ἔτεκεν
741 4135 914 4208 bavoariam
926 4136 1040 4210 (ἡμιοκτ.
1051 4141 1117 4206 cod,
1131 4155 1201 4196 corr.
1210 4140 1326 4205 Knoell.)
1338 4137 1434 4212 μήτηρ.
