<?xml version="1.0" encoding="UTF-8"?>
<!DOCTYPE html PUBLIC "-//W3C//DTD XHTML 1.0 Transitional//EN"
    "http://www.w3.org/TR/xhtml1/DTD/xhtml1-transitional.dtd">
<html xmlns="http://www.w3.org/1999/xhtml" xml:lang="en" lang="en">
 <head>
  <title>
</title>
<meta http-equiv="Content-Type" content="text/html;charset=utf-8" />
  <meta name='ocr-system' content='tesseract 3.04.00' />
  <meta name='ocr-capabilities' content='ocr_page ocr_carea ocr_par ocr_line ocrx_word'/>
</head>
<body>
  <div class='ocr_page' id='page_1' title='image "./debabriiaetate01crusgoog_0044.png"; bbox 0 0 3138 4872; ppageno 0'>
   <div class='ocr_carea' id='block_1_1' title="bbox 590 389 1287 470">
    <p class='ocr_par' dir='ltr' id='par_1_1' title="bbox 590 389 1287 470">
     <span class='ocr_line' id='line_1_1' title="bbox 590 389 1287 470; baseline 0.014 -11"><span class='ocrx_word' id='word_1_1' title='bbox 590 389 848 462; x_wconf 64' lang='lat' dir='ltr'><strong>nocturnaeque.</strong></span> <span class='ocrx_word' id='word_1_2' title='bbox 1227 409 1287 470; x_wconf 82' lang='lat'><strong>153</strong></span> 
     </span>
    </p>
   </div>
   <div class='ocr_carea' id='block_1_2' title="bbox 86 573 1288 3508">
    <p class='ocr_par' dir='ltr' id='par_1_2' title="bbox 136 573 1288 1171">
     <span class='ocr_line' id='line_1_2' title="bbox 138 573 1286 662; baseline 0.003 -19"><span class='ocrx_word' id='word_1_3' title='bbox 138 573 391 643; x_wconf 79' lang='lat' dir='ltr'><strong>Branchidarum</strong></span> <span class='ocrx_word' id='word_1_4' title='bbox 413 577 466 643; x_wconf 90' lang='lat' dir='ltr'><strong>aui</strong></span> <span class='ocrx_word' id='word_1_5' title='bbox 489 583 622 662; x_wconf 89' lang='lat' dir='ltr'><strong>patrem,</strong></span> <span class='ocrx_word' id='word_1_6' title='bbox 644 577 846 644; x_wconf 85' lang='lat' dir='ltr'><strong>referendum</strong></span> <span class='ocrx_word' id='word_1_7' title='bbox 868 599 939 648; x_wconf 85' lang='lat' dir='ltr'><strong>csse</strong></span> <span class='ocrx_word' id='word_1_8' title='bbox 962 587 1077 648; x_wconf 86' lang='lat' dir='ltr'><strong>censet.</strong></span> <span class='ocrx_word' id='word_1_9' title='bbox 1122 583 1191 648; x_wconf 89' lang='lat' dir='ltr'><strong>Iam</strong></span> <span class='ocrx_word' id='word_1_10' title='bbox 1215 603 1286 650; x_wconf 90' lang='lat' dir='ltr'><strong>cou-</strong></span> 
     </span>
     <span class='ocr_line' id='line_1_3' title="bbox 139 677 1285 767; baseline 0.003 -21"><span class='ocrx_word' id='word_1_11' title='bbox 139 685 225 746; x_wconf 90' lang='lat' dir='ltr'><strong>stare</strong></span> <span class='ocrx_word' id='word_1_12' title='bbox 241 677 411 746; x_wconf 80' lang='lat' dir='ltr'><strong>Seleucum</strong></span> <span class='ocrx_word' id='word_1_13' title='bbox 426 699 483 763; x_wconf 92' lang='lat' dir='ltr'><strong>pro</strong></span> <span class='ocrx_word' id='word_1_14' title='bbox 496 679 656 764; x_wconf 84' lang='lat' dir='ltr'>Apollinis</span> <span class='ocrx_word' id='word_1_15' title='bbox 668 679 733 746; x_wconf 88' lang='lat' dir='ltr'><strong>lilio</strong></span> <span class='ocrx_word' id='word_1_16' title='bbox 747 679 890 746; x_wconf 88' lang='lat' dir='ltr'><strong>habitum</strong></span> <span class='ocrx_word' id='word_1_17' title='bbox 903 700 974 747; x_wconf 89' lang='lat' dir='ltr'><strong>csse</strong></span> <span class='ocrx_word' id='word_1_18' title='bbox 986 681 1125 766; x_wconf 79' lang='lat' dir='ltr'><strong>(Trogus</strong></span> <span class='ocrx_word' id='word_1_19' title='bbox 1135 685 1205 766; x_wconf 89' lang='lat' dir='ltr'><strong>XV,</strong></span> <span class='ocrx_word' id='word_1_20' title='bbox 1214 690 1243 767; x_wconf 89' lang='grc'><strong>4,</strong></span> <span class='ocrx_word' id='word_1_21' title='bbox 1252 683 1285 767; x_wconf 90' lang='grc'><strong>3)</strong></span> 
     </span>
     <span class='ocr_line' id='line_1_4' title="bbox 139 779 1288 867; baseline 0.005 -21"><span class='ocrx_word' id='word_1_22' title='bbox 139 800 345 862; x_wconf 91' lang='lat' dir='ltr'><strong>sororemque</strong></span> <span class='ocrx_word' id='word_1_23' title='bbox 367 780 519 848; x_wconf 79' lang='lat' dir='ltr'><strong>habuisse</strong></span> <span class='ocrx_word' id='word_1_24' title='bbox 534 779 735 866; x_wconf 88' lang='lat' dir='ltr'><strong>Didymacae</strong></span> <span class='ocrx_word' id='word_1_25' title='bbox 753 781 881 849; x_wconf 91' lang='lat' dir='ltr'><strong>nomine</strong></span> <span class='ocrx_word' id='word_1_26' title='bbox 896 781 1076 866; x_wconf 88' lang='lat' dir='ltr'><strong>praeditam</strong></span> <span class='ocrx_word' id='word_1_27' title='bbox 1092 782 1151 867; x_wconf 90' lang='lat' dir='ltr'><strong>(lo.</strong></span> <span class='ocrx_word' id='word_1_28' title='bbox 1167 786 1288 852; x_wconf 89' lang='lat' dir='ltr'><strong>Malala</strong></span> 
     </span>
     <span class='ocr_line' id='line_1_5' title="bbox 136 881 1288 968; baseline 0.004 -19"><span class='ocrx_word' id='word_1_29' title='bbox 136 883 215 949; x_wconf 88' lang='lat' dir='ltr'>VIII</span> <span class='ocrx_word' id='word_1_30' title='bbox 236 905 267 968; x_wconf 91' lang='lat' dir='ltr'><strong>p.</strong></span> <span class='ocrx_word' id='word_1_31' title='bbox 283 881 376 966; x_wconf 74' lang='lat'><strong>252),</strong></span> <span class='ocrx_word' id='word_1_32' title='bbox 406 901 477 947; x_wconf 91' lang='lat' dir='ltr'><strong>oum</strong></span> <span class='ocrx_word' id='word_1_33' title='bbox 506 884 634 949; x_wconf 90' lang='lat' dir='ltr'><strong>oraculo</strong></span> <span class='ocrx_word' id='word_1_34' title='bbox 656 889 763 949; x_wconf 90' lang='lat' dir='ltr'><strong>autem</strong></span> <span class='ocrx_word' id='word_1_35' title='bbox 786 883 1038 951; x_wconf 80' lang='lat' dir='ltr'><strong>Branchidarum</strong></span> <span class='ocrx_word' id='word_1_36' title='bbox 1064 887 1288 955; x_wconf 83' lang='lat' dir='ltr'><strong>commercium</strong></span> 
     </span>
     <span class='ocr_line' id='line_1_6' title="bbox 137 983 1287 1069; baseline 0.005 -19"><span class='ocrx_word' id='word_1_37' title='bbox 137 1005 212 1052; x_wconf 88' lang='lat' dir='ltr'><strong>eum</strong></span> <span class='ocrx_word' id='word_1_38' title='bbox 226 983 378 1051; x_wconf 80' lang='lat' dir='ltr'><strong>habuisse</strong></span> <span class='ocrx_word' id='word_1_39' title='bbox 394 1005 435 1050; x_wconf 87' lang='lat' dir='ltr'><strong>ex</strong></span> <span class='ocrx_word' id='word_1_40' title='bbox 450 983 656 1069; x_wconf 81' lang='lat' dir='ltr'><strong>inscriptione</strong></span> <span class='ocrx_word' id='word_1_41' title='bbox 672 986 707 1051; x_wconf 83' lang='lat' dir='ltr'><strong>O.</strong></span> <span class='ocrx_word' id='word_1_42' title='bbox 723 986 745 1052; x_wconf 90' lang='lat' dir='ltr'><strong>l.</strong></span> <span class='ocrx_word' id='word_1_43' title='bbox 762 985 815 1052; x_wconf 80' lang='lat' dir='ltr'><strong>Gr.</strong></span> <span class='ocrx_word' id='word_1_44' title='bbox 833 989 915 1050; x_wconf 80' lang='lat'>2852</span> <span class='ocrx_word' id='word_1_45' title='bbox 931 987 1072 1068; x_wconf 90' lang='lat' dir='ltr'><strong>locisque</strong></span> <span class='ocrx_word' id='word_1_46' title='bbox 1087 1008 1109 1052; x_wconf 88' lang='lat' dir='ltr'><strong>a</strong></span> <span class='ocrx_word' id='word_1_47' title='bbox 1122 988 1287 1056; x_wconf 88' lang='lat' dir='ltr'><strong>Boeekhio</strong></span> 
     </span>
     <span class='ocr_line' id='line_1_7' title="bbox 137 1085 1287 1171; baseline 0.004 -19"><span class='ocrx_word' id='word_1_48' title='bbox 137 1087 264 1153; x_wconf 91' lang='lat' dir='ltr'><strong>collatis</strong></span> <span class='ocrx_word' id='word_1_49' title='bbox 285 1085 441 1169; x_wconf 84' lang='lat' dir='ltr'><strong>intellegi.</strong></span> <span class='ocrx_word' id='word_1_50' title='bbox 485 1086 591 1164; x_wconf 78' lang='lat' dir='ltr'><strong>Quare</strong></span> <span class='ocrx_word' id='word_1_51' title='bbox 612 1107 675 1153; x_wconf 92' lang='lat' dir='ltr'><strong>non</strong></span> <span class='ocrx_word' id='word_1_52' title='bbox 696 1105 792 1171; x_wconf 87' lang='lat' dir='ltr'><strong>posse</strong></span> <span class='ocrx_word' id='word_1_53' title='bbox 815 1086 956 1154; x_wconf 88' lang='lat' dir='ltr'><strong>dubitari</strong></span> <span class='ocrx_word' id='word_1_54' title='bbox 985 1090 1060 1170; x_wconf 93' lang='lat' dir='ltr'><strong>quin</strong></span> <span class='ocrx_word' id='word_1_55' title='bbox 1083 1109 1123 1154; x_wconf 87' lang='lat' dir='ltr'><strong>ex</strong></span> <span class='ocrx_word' id='word_1_56' title='bbox 1147 1090 1287 1157; x_wconf 85' lang='lat' dir='ltr'><strong>Seleuci-</strong></span> 
     </span>
    </p>

    <p class='ocr_par' dir='ltr' id='par_1_3' title="bbox 86 1177 1287 1981">
     <span class='ocr_line' id='line_1_8' title="bbox 86 1177 1287 1274; baseline 0.004 -21"><span class='ocrx_word' id='word_1_57' title='bbox 86 1177 88 1180; x_wconf 28' lang='lat'><em>*</em></span> <span class='ocrx_word' id='word_1_58' title='bbox 138 1188 251 1254; x_wconf 90' lang='lat' dir='ltr'><strong>darum</strong></span> <span class='ocrx_word' id='word_1_59' title='bbox 274 1187 398 1254; x_wconf 87' lang='lat' dir='ltr'><strong>familia</strong></span> <span class='ocrx_word' id='word_1_60' title='bbox 418 1187 584 1254; x_wconf 85' lang='lat' dir='ltr'><strong>Branchus</strong></span> <span class='ocrx_word' id='word_1_61' title='bbox 605 1187 661 1254; x_wconf 92' lang='lat' dir='ltr'><strong>ille</strong></span> <span class='ocrx_word' id='word_1_62' title='bbox 683 1189 793 1254; x_wconf 90' lang='lat' dir='ltr'><strong>Babrii</strong></span> <span class='ocrx_word' id='word_1_63' title='bbox 816 1188 967 1255; x_wconf 89' lang='lat' dir='ltr'><strong>oriundus</strong></span> <span class='ocrx_word' id='word_1_64' title='bbox 989 1191 1044 1274; x_wconf 87' lang='lat' dir='ltr'><strong>sit;</strong></span> <span class='ocrx_word' id='word_1_65' title='bbox 1073 1191 1152 1256; x_wconf 92' lang='lat' dir='ltr'><strong>nihil</strong></span> <span class='ocrx_word' id='word_1_66' title='bbox 1180 1199 1287 1259; x_wconf 90' lang='lat' dir='ltr'><strong>autem</strong></span> 
     </span>
     <span class='ocr_line' id='line_1_9' title="bbox 138 1282 1287 1376; baseline 0.003 -20"><span class='ocrx_word' id='word_1_67' title='bbox 138 1291 267 1356; x_wconf 89' lang='lat' dir='ltr'><strong>obstare</strong></span> <span class='ocrx_word' id='word_1_68' title='bbox 289 1289 458 1373; x_wconf 91' lang='lat' dir='ltr'><strong>quominus</strong></span> <span class='ocrx_word' id='word_1_69' title='bbox 470 1282 655 1356; x_wconf 85' lang='lat' dir='ltr'><strong>‘Branchus&#39;</strong></span> <span class='ocrx_word' id='word_1_70' title='bbox 674 1309 791 1356; x_wconf 91' lang='lat' dir='ltr'><strong>nornen</strong></span> <span class='ocrx_word' id='word_1_71' title='bbox 813 1289 855 1356; x_wconf 89' lang='lat' dir='ltr'><strong>sit</strong></span> <span class='ocrx_word' id='word_1_72' title='bbox 875 1291 997 1375; x_wconf 85' lang='lat' dir='ltr'><strong>puerile</strong></span> <span class='ocrx_word' id='word_1_73' title='bbox 1022 1292 1123 1376; x_wconf 91' lang='lat' dir='ltr'><strong>ipsius</strong></span> <span class='ocrx_word' id='word_1_74' title='bbox 1138 1293 1287 1361; x_wconf 87' lang='lat' dir='ltr'><strong>Antiochi</strong></span> 
     </span>
     <span class='ocr_line' id='line_1_10' title="bbox 137 1390 1287 1477; baseline 0.004 -20"><span class='ocrx_word' id='word_1_75' title='bbox 137 1392 183 1458; x_wconf 95' lang='lat' dir='ltr'><strong>VI</strong></span> <span class='ocrx_word' id='word_1_76' title='bbox 204 1391 381 1477; x_wconf 82' lang='lat' dir='ltr'><strong>Epiphanis</strong></span> <span class='ocrx_word' id='word_1_77' title='bbox 403 1391 549 1476; x_wconf 85' lang='lat' dir='ltr'><strong>Dionysi,</strong></span> <span class='ocrx_word' id='word_1_78' title='bbox 571 1391 749 1458; x_wconf 87' lang='lat' dir='ltr'><strong>Alexandri</strong></span> <span class='ocrx_word' id='word_1_79' title='bbox 770 1390 836 1474; x_wconf 90' lang='lat' dir='ltr'><strong>filii,</strong></span> <span class='ocrx_word' id='word_1_80' title='bbox 863 1393 916 1475; x_wconf 93' lang='lat' dir='ltr'><strong>qui</strong></span> <span class='ocrx_word' id='word_1_81' title='bbox 939 1393 1050 1460; x_wconf 91' lang='lat' dir='ltr'><strong>decem</strong></span> <span class='ocrx_word' id='word_1_82' title='bbox 1071 1414 1172 1462; x_wconf 87' lang='lat' dir='ltr'><strong>annos</strong></span> <span class='ocrx_word' id='word_1_83' title='bbox 1193 1403 1287 1462; x_wconf 87' lang='lat' dir='ltr'><strong>natus</strong></span> 
     </span>
     <span class='ocr_line' id='line_1_11' title="bbox 137 1492 1287 1581; baseline 0.004 -21"><span class='ocrx_word' id='word_1_84' title='bbox 137 1515 157 1560; x_wconf 90' lang='lat' dir='ltr'><strong>a</strong></span> <span class='ocrx_word' id='word_1_85' title='bbox 179 1494 351 1578; x_wconf 83' lang='lat' dir='ltr'><strong>Tryphone</strong></span> <span class='ocrx_word' id='word_1_86' title='bbox 373 1492 558 1560; x_wconf 90' lang='lat' dir='ltr'><strong>interiectus</strong></span> <span class='ocrx_word' id='word_1_87' title='bbox 579 1493 621 1560; x_wconf 91' lang='lat' dir='ltr'><strong>sit</strong></span> <span class='ocrx_word' id='word_1_88' title='bbox 642 1492 791 1577; x_wconf 88' lang='lat' dir='ltr'><strong>(Mueller</strong></span> <span class='ocrx_word' id='word_1_89' title='bbox 812 1495 865 1558; x_wconf 88' lang='lat' dir='ltr'><strong>frr.</strong></span> <span class='ocrx_word' id='word_1_90' title='bbox 888 1493 961 1559; x_wconf 91' lang='lat' dir='ltr'><strong>hist.</strong></span> <span class='ocrx_word' id='word_1_91' title='bbox 984 1494 1016 1558; x_wconf 94' lang='lat' dir='ltr'><strong>II</strong></span> <span class='ocrx_word' id='word_1_92' title='bbox 1037 1516 1067 1580; x_wconf 95' lang='lat' dir='ltr'><strong>p.</strong></span> <span class='ocrx_word' id='word_1_93' title='bbox 1088 1497 1175 1581; x_wconf 87' lang='lat' dir='ltr'>XX).</span> <span class='ocrx_word' id='word_1_94' title='bbox 1220 1497 1287 1564; x_wconf 82' lang='lat' dir='ltr'><strong>Sed</strong></span> 
     </span>
     <span class='ocr_line' id='line_1_12' title="bbox 136 1593 1285 1679; baseline 0.003 -18"><span class='ocrx_word' id='word_1_95' title='bbox 136 1594 251 1661; x_wconf 88' lang='lat' dir='ltr'><strong>ultima</strong></span> <span class='ocrx_word' id='word_1_96' title='bbox 271 1595 353 1660; x_wconf 88' lang='lat' dir='ltr'><strong>haec</strong></span> <span class='ocrx_word' id='word_1_97' title='bbox 375 1595 428 1661; x_wconf 92' lang='lat' dir='ltr'><strong>uel</strong></span> <span class='ocrx_word' id='word_1_98' title='bbox 450 1615 488 1660; x_wconf 89' lang='lat' dir='ltr'><strong>eo</strong></span> <span class='ocrx_word' id='word_1_99' title='bbox 511 1595 707 1677; x_wconf 88' lang='lat' dir='ltr'><strong>refelluntur,</strong></span> <span class='ocrx_word' id='word_1_100' title='bbox 735 1593 820 1676; x_wconf 90' lang='lat' dir='ltr'><strong>quod</strong></span> <span class='ocrx_word' id='word_1_101' title='bbox 842 1595 925 1660; x_wconf 92' lang='lat' dir='ltr'><strong>inter</strong></span> <span class='ocrx_word' id='word_1_102' title='bbox 945 1595 1084 1679; x_wconf 91' lang='lat' dir='ltr'><strong>priorem</strong></span> <span class='ocrx_word' id='word_1_103' title='bbox 1106 1597 1285 1664; x_wconf 87' lang='lat' dir='ltr'><strong>fabularum</strong></span> 
     </span>
     <span class='ocr_line' id='line_1_13' title="bbox 135 1695 1286 1782; baseline 0.002 -21"><span class='ocrx_word' id='word_1_104' title='bbox 135 1697 251 1761; x_wconf 88' lang='lat' dir='ltr'><strong>librum</strong></span> <span class='ocrx_word' id='word_1_105' title='bbox 280 1695 332 1762; x_wconf 90' lang='lat' dir='ltr'><strong>uel</strong></span> <span class='ocrx_word' id='word_1_106' title='bbox 363 1695 534 1763; x_wconf 90' lang='lat' dir='ltr'><strong>editionem</strong></span> <span class='ocrx_word' id='word_1_107' title='bbox 565 1702 597 1762; x_wconf 91' lang='lat' dir='ltr'><strong>et</strong></span> <span class='ocrx_word' id='word_1_108' title='bbox 625 1695 832 1782; x_wconf 86' lang='lat' dir='ltr'><strong>posteriorem</strong></span> <span class='ocrx_word' id='word_1_109' title='bbox 860 1697 936 1760; x_wconf 93' lang='lat' dir='ltr'><strong>anni</strong></span> <span class='ocrx_word' id='word_1_110' title='bbox 965 1695 1051 1762; x_wconf 93' lang='lat' dir='ltr'><strong>haud</strong></span> <span class='ocrx_word' id='word_1_111' title='bbox 1072 1698 1166 1782; x_wconf 88' lang='lat' dir='ltr'><strong>pauci</strong></span> <span class='ocrx_word' id='word_1_112' title='bbox 1188 1699 1286 1766; x_wconf 87' lang='lat' dir='ltr'><strong>inter-</strong></span> 
     </span>
     <span class='ocr_line' id='line_1_14' title="bbox 136 1797 1285 1884; baseline 0.003 -21"><span class='ocrx_word' id='word_1_113' title='bbox 136 1797 252 1863; x_wconf 87' lang='lat' dir='ltr'><strong>fuerint</strong></span> <span class='ocrx_word' id='word_1_114' title='bbox 278 1816 410 1864; x_wconf 90' lang='lat' dir='ltr'><strong>necesse</strong></span> <span class='ocrx_word' id='word_1_115' title='bbox 439 1805 488 1864; x_wconf 91' lang='lat' dir='ltr'><strong>est</strong></span> <span class='ocrx_word' id='word_1_116' title='bbox 516 1802 646 1884; x_wconf 89' lang='lat' dir='ltr'><strong>propter</strong></span> <span class='ocrx_word' id='word_1_117' title='bbox 674 1798 850 1864; x_wconf 85' lang='lat' dir='ltr'><strong>imitatores</strong></span> <span class='ocrx_word' id='word_1_118' title='bbox 877 1797 951 1865; x_wconf 89' lang='lat' dir='ltr'><strong>illos</strong></span> <span class='ocrx_word' id='word_1_119' title='bbox 977 1799 1110 1866; x_wconf 88' lang='lat' dir='ltr'><strong>alterius</strong></span> <span class='ocrx_word' id='word_1_120' title='bbox 1131 1801 1285 1884; x_wconf 88' lang='lat' dir='ltr'><strong>prooemii</strong></span> 
     </span>
     <span class='ocr_line' id='line_1_15' title="bbox 135 1903 287 1981; baseline -0.013 -15"><span class='ocrx_word' id='word_1_121' title='bbox 135 1922 165 1966; x_wconf 91' lang='lat' dir='ltr'><strong>u.</strong></span> <span class='ocrx_word' id='word_1_122' title='bbox 183 1903 202 1964; x_wconf 86' lang='lat'>9</span> <span class='ocrx_word' id='word_1_123' title='bbox 217 1918 287 1981; x_wconf 88' lang='lat' dir='ltr'><strong>sqq.</strong></span> 
     </span>
    </p>

    <p class='ocr_par' dir='ltr' id='par_1_4' title="bbox 289 1992 1128 2089">
     <span class='ocr_line' id='line_1_16' title="bbox 289 1992 1128 2089; baseline 0.005 -25"><span class='ocrx_word' id='word_1_124' title='bbox 289 1992 350 2064; x_wconf 77' lang='grc' dir='ltr'><strong>ὑπ’</strong></span> <span class='ocrx_word' id='word_1_125' title='bbox 377 1999 458 2084; x_wconf 76' lang='grc' dir='ltr'><em>ἐμοῦ</em></span> <span class='ocrx_word' id='word_1_126' title='bbox 481 2000 517 2066; x_wconf 80' lang='grc' dir='ltr'><strong>δὲ</strong></span> <span class='ocrx_word' id='word_1_127' title='bbox 538 2000 675 2089; x_wconf 79' lang='grc' dir='ltr'><em>πρώτου</em></span> <span class='ocrx_word' id='word_1_128' title='bbox 697 2004 756 2088; x_wconf 78' lang='grc' dir='ltr'><strong>τῆς</strong></span> <span class='ocrx_word' id='word_1_129' title='bbox 781 1999 889 2088; x_wconf 70' lang='grc' dir='ltr'><em>θύρης</em></span> <span class='ocrx_word' id='word_1_130' title='bbox 912 1993 1128 2089; x_wconf 74' lang='grc' dir='ltr'><em>ἀνοιχθείσης</em></span> 
     </span>
    </p>

    <p class='ocr_par' dir='ltr' id='par_1_5' title="bbox 289 2098 1013 2190">
     <span class='ocr_line' id='line_1_17' title="bbox 289 2098 1013 2190; baseline 0 -22"><span class='ocrx_word' id='word_1_131' title='bbox 289 2100 449 2190; x_wconf 71' lang='grc' dir='ltr'><em>εἰσῆλθον</em></span> <span class='ocrx_word' id='word_1_132' title='bbox 472 2098 568 2170; x_wconf 70' lang='grc' dir='ltr'><em>ἄλλοι</em></span> <span class='ocrx_word' id='word_1_133' title='bbox 589 2105 646 2168; x_wconf 83' lang='grc' dir='ltr'><strong>καὶ</strong></span> <span class='ocrx_word' id='word_1_134' title='bbox 668 2107 862 2190; x_wconf 76' lang='grc' dir='ltr'><em>σοφωοίρης</em></span> <span class='ocrx_word' id='word_1_135' title='bbox 886 2101 1013 2190; x_wconf 77' lang='grc' dir='ltr'><em>μούσης</em></span> 
     </span>
    </p>

    <p class='ocr_par' dir='ltr' id='par_1_6' title="bbox 131 2200 1287 3508">
     <span class='ocr_line' id='line_1_18' title="bbox 287 2200 1031 2292; baseline 0.001 -23"><span class='ocrx_word' id='word_1_136' title='bbox 287 2209 422 2292; x_wconf 76' lang='grc' dir='ltr'><em>γρίφοις</em></span> <span class='ocrx_word' id='word_1_137' title='bbox 445 2200 564 2287; x_wconf 81' lang='grc' dir='ltr'><em>ὁμοίας</em></span> <span class='ocrx_word' id='word_1_138' title='bbox 587 2203 764 2291; x_wconf 74' lang='grc' dir='ltr'><em>ἐκφέρουσι</em></span> <span class='ocrx_word' id='word_1_139' title='bbox 786 2204 942 2292; x_wconf 71' lang='grc' dir='ltr'><em>ποιήσεις</em></span> <span class='ocrx_word' id='word_1_140' title='bbox 964 2208 1031 2271; x_wconf 84' lang='grc' dir='ltr'><strong><em>κτλ.</em></strong></span> 
     </span>
     <span class='ocr_line' id='line_1_19' title="bbox 134 2305 1285 2394; baseline 0.004 -23"><span class='ocrx_word' id='word_1_141' title='bbox 134 2306 315 2373; x_wconf 89' lang='lat' dir='ltr'><strong>nominatos</strong></span> <span class='ocrx_word' id='word_1_142' title='bbox 328 2306 365 2390; x_wconf 88' lang='lat'><strong>¹):</strong></span> <span class='ocrx_word' id='word_1_143' title='bbox 395 2307 442 2373; x_wconf 89' lang='lat' dir='ltr'><strong>ita</strong></span> <span class='ocrx_word' id='word_1_144' title='bbox 470 2315 505 2373; x_wconf 92' lang='lat' dir='ltr'><strong>ut</strong></span> <span class='ocrx_word' id='word_1_145' title='bbox 533 2328 574 2374; x_wconf 84' lang='lat' dir='ltr'><strong>ex</strong></span> <span class='ocrx_word' id='word_1_146' title='bbox 596 2305 809 2373; x_wconf 88' lang='lat' dir='ltr'><strong>Gutschmidii</strong></span> <span class='ocrx_word' id='word_1_147' title='bbox 834 2309 992 2374; x_wconf 86' lang='lat' dir='ltr'><strong>sententia</strong></span> <span class='ocrx_word' id='word_1_148' title='bbox 1015 2308 1142 2375; x_wconf 90' lang='lat' dir='ltr'><strong>fabulas</strong></span> <span class='ocrx_word' id='word_1_149' title='bbox 1164 2311 1285 2394; x_wconf 89' lang='lat' dir='ltr'><strong>priores</strong></span> 
     </span>
     <span class='ocr_line' id='line_1_20' title="bbox 134 2406 1286 2491; baseline 0.005 -19"><span class='ocrx_word' id='word_1_150' title='bbox 134 2408 252 2474; x_wconf 84' lang='lat' dir='ltr'><strong>infanti</strong></span> <span class='ocrx_word' id='word_1_151' title='bbox 273 2409 341 2474; x_wconf 86' lang='lat' dir='ltr'><strong>iere</strong></span> <span class='ocrx_word' id='word_1_152' title='bbox 362 2407 493 2472; x_wconf 90' lang='lat' dir='ltr'><strong>lactenti</strong></span> <span class='ocrx_word' id='word_1_153' title='bbox 508 2407 645 2472; x_wconf 89' lang='lat' dir='ltr'><strong>Bahrius</strong></span> <span class='ocrx_word' id='word_1_154' title='bbox 668 2406 836 2474; x_wconf 86' lang='lat' dir='ltr'><strong>dedicasse</strong></span> <span class='ocrx_word' id='word_1_155' title='bbox 851 2409 1011 2491; x_wconf 89' lang='lat' dir='ltr'><strong>putandus</strong></span> <span class='ocrx_word' id='word_1_156' title='bbox 1027 2411 1078 2476; x_wconf 88' lang='lat' dir='ltr'><strong>sit.</strong></span> <span class='ocrx_word' id='word_1_157' title='bbox 1114 2413 1286 2480; x_wconf 86' lang='lat' dir='ltr'><strong>Praeterea</strong></span> 
     </span>
     <span class='ocr_line' id='line_1_21' title="bbox 131 2505 1284 2594; baseline 0.008 -21"><span class='ocrx_word' id='word_1_158' title='bbox 131 2507 294 2594; x_wconf 89' lang='lat' dir='ltr'><strong>plurimae</strong></span> <span class='ocrx_word' id='word_1_159' title='bbox 317 2505 404 2590; x_wconf 90' lang='lat' dir='ltr'><strong>apud</strong></span> <span class='ocrx_word' id='word_1_160' title='bbox 425 2507 577 2572; x_wconf 85' lang='lat' dir='ltr'><strong>Babrium</strong></span> <span class='ocrx_word' id='word_1_161' title='bbox 599 2507 747 2590; x_wconf 86' lang='lat' dir='ltr'><strong>leguntur</strong></span> <span class='ocrx_word' id='word_1_162' title='bbox 769 2507 913 2590; x_wconf 82' lang='lat' dir='ltr'><strong>fabulae,</strong></span> <span class='ocrx_word' id='word_1_163' title='bbox 938 2530 1018 2590; x_wconf 91' lang='lat' dir='ltr'><strong>quas</strong></span> <span class='ocrx_word' id='word_1_164' title='bbox 1033 2512 1193 2580; x_wconf 92' lang='lat' dir='ltr'><strong>hominem</strong></span> <span class='ocrx_word' id='word_1_165' title='bbox 1208 2535 1284 2582; x_wconf 92' lang='lat' dir='ltr'><strong>non-</strong></span> 
     </span>
     <span class='ocr_line' id='line_1_22' title="bbox 134 2603 1285 2698; baseline 0.008 -24"><span class='ocrx_word' id='word_1_166' title='bbox 134 2609 213 2676; x_wconf 90' lang='lat' dir='ltr'><strong>dum</strong></span> <span class='ocrx_word' id='word_1_167' title='bbox 236 2607 348 2674; x_wconf 90' lang='lat' dir='ltr'><strong>decem</strong></span> <span class='ocrx_word' id='word_1_168' title='bbox 370 2611 470 2674; x_wconf 87' lang='lat' dir='ltr'><strong>annos</strong></span> <span class='ocrx_word' id='word_1_169' title='bbox 492 2615 602 2673; x_wconf 87' lang='lat' dir='ltr'><strong>natum</strong></span> <span class='ocrx_word' id='word_1_170' title='bbox 624 2628 695 2674; x_wconf 92' lang='lat' dir='ltr'><strong>cum</strong></span> <span class='ocrx_word' id='word_1_171' title='bbox 717 2607 905 2694; x_wconf 84' lang='lat' dir='ltr'><strong>intellegere</strong></span> <span class='ocrx_word' id='word_1_172' title='bbox 916 2603 989 2676; x_wconf 68' lang='lat' dir='ltr'><strong>&#39;ueri</strong></span> <span class='ocrx_word' id='word_1_173' title='bbox 1002 2631 1067 2678; x_wconf 92' lang='lat' dir='ltr'><strong>nou</strong></span> <span class='ocrx_word' id='word_1_174' title='bbox 1082 2614 1195 2698; x_wconf 87' lang='lat' dir='ltr'><strong>simile,</strong></span> <span class='ocrx_word' id='word_1_175' title='bbox 1218 2622 1285 2682; x_wconf 93' lang='lat' dir='ltr'><strong>tum</strong></span> 
     </span>
     <span class='ocr_line' id='line_1_23' title="bbox 133 2709 1284 2800; baseline 0.005 -22"><span class='ocrx_word' id='word_1_176' title='bbox 133 2709 264 2778; x_wconf 92' lang='lat' dir='ltr'><strong>omnino</strong></span> <span class='ocrx_word' id='word_1_177' title='bbox 286 2711 393 2793; x_wconf 85' lang='lat' dir='ltr'><strong>legere</strong></span> <span class='ocrx_word' id='word_1_178' title='bbox 415 2709 505 2776; x_wconf 86' lang='lat' dir='ltr'><strong>nefas</strong></span> <span class='ocrx_word' id='word_1_179' title='bbox 527 2710 583 2776; x_wconf 91' lang='lat' dir='ltr'><strong>sit:</strong></span> <span class='ocrx_word' id='word_1_180' title='bbox 611 2712 649 2776; x_wconf 87' lang='lat' dir='ltr'><strong>ci.</strong></span> <span class='ocrx_word' id='word_1_181' title='bbox 671 2710 693 2774; x_wconf 84' lang='lat' dir='ltr'><strong>f.</strong></span> <span class='ocrx_word' id='word_1_182' title='bbox 717 2712 745 2774; x_wconf 79' lang='lat'><strong>2.</strong></span> <span class='ocrx_word' id='word_1_183' title='bbox 771 2714 819 2775; x_wconf 85' lang='lat'><strong>10.</strong></span> <span class='ocrx_word' id='word_1_184' title='bbox 846 2715 892 2776; x_wconf 85' lang='lat'><strong>15.</strong></span> <span class='ocrx_word' id='word_1_185' title='bbox 910 2714 1026 2777; x_wconf 60' lang='lat'><strong>30:32.</strong></span> <span class='ocrx_word' id='word_1_186' title='bbox 1043 2711 1122 2795; x_wconf 86' lang='grc'><strong>(34),</strong></span> <span class='ocrx_word' id='word_1_187' title='bbox 1138 2720 1188 2780; x_wconf 87' lang='grc'><strong>40.</strong></span> <span class='ocrx_word' id='word_1_188' title='bbox 1204 2717 1284 2800; x_wconf 89' lang='grc'><strong>(48).</strong></span> 
     </span>
     <span class='ocr_line' id='line_1_24' title="bbox 135 2808 1285 2895; baseline 0.008 -20"><span class='ocrx_word' id='word_1_189' title='bbox 135 2817 186 2877; x_wconf 78' lang='grc'><strong>54.</strong></span> <span class='ocrx_word' id='word_1_190' title='bbox 202 2809 281 2895; x_wconf 85' lang='grc'>(98).</span> <span class='ocrx_word' id='word_1_191' title='bbox 301 2814 370 2877; x_wconf 83' lang='grc'>116.</span> <span class='ocrx_word' id='word_1_192' title='bbox 386 2808 488 2894; x_wconf 85' lang='grc'>(119).</span> <span class='ocrx_word' id='word_1_193' title='bbox 508 2815 565 2874; x_wconf 80' lang='lat'><strong>127</strong></span> <span class='ocrx_word' id='word_1_194' title='bbox 581 2812 635 2876; x_wconf 90' lang='lat' dir='ltr'><strong>all.</strong></span> <span class='ocrx_word' id='word_1_195' title='bbox 673 2810 860 2878; x_wconf 81' lang='lat' dir='ltr'><strong>Seleucides</strong></span> <span class='ocrx_word' id='word_1_196' title='bbox 883 2818 990 2879; x_wconf 91' lang='lat' dir='ltr'><strong>autem</strong></span> <span class='ocrx_word' id='word_1_197' title='bbox 1011 2813 1192 2881; x_wconf 89' lang='lat' dir='ltr'><strong>Branchum</strong></span> <span class='ocrx_word' id='word_1_198' title='bbox 1215 2837 1285 2884; x_wconf 93' lang='lat' dir='ltr'><strong>esse</strong></span> 
     </span>
     <span class='ocr_line' id='line_1_25' title="bbox 135 2911 1286 2999; baseline 0.003 -20"><span class='ocrx_word' id='word_1_199' title='bbox 135 2921 169 2980; x_wconf 90' lang='lat' dir='ltr'><strong>et</strong></span> <span class='ocrx_word' id='word_1_200' title='bbox 197 2911 417 2979; x_wconf 85' lang='lat' dir='ltr'><strong>Alexandrum</strong></span> <span class='ocrx_word' id='word_1_201' title='bbox 447 2913 636 2980; x_wconf 88' lang='lat' dir='ltr'><strong>coniecturis</strong></span> <span class='ocrx_word' id='word_1_202' title='bbox 665 2913 729 2980; x_wconf 92' lang='lat' dir='ltr'><strong>illis</strong></span> <span class='ocrx_word' id='word_1_203' title='bbox 758 2915 959 2999; x_wconf 92' lang='lat' dir='ltr'><strong>comprobari</strong></span> <span class='ocrx_word' id='word_1_204' title='bbox 986 2915 1072 2982; x_wconf 90' lang='lat' dir='ltr'><strong>haud</strong></span> <span class='ocrx_word' id='word_1_205' title='bbox 1102 2924 1286 2984; x_wconf 86' lang='lat' dir='ltr'><strong>cunctanter</strong></span> 
     </span>
     <span class='ocr_line' id='line_1_26' title="bbox 134 3014 1287 3102; baseline 0.005 -22"><span class='ocrx_word' id='word_1_206' title='bbox 134 3014 361 3096; x_wconf 88' lang='lat' dir='ltr'><strong>concederem,</strong></span> <span class='ocrx_word' id='word_1_207' title='bbox 390 3015 419 3080; x_wconf 91' lang='lat' dir='ltr'><strong>si</strong></span> <span class='ocrx_word' id='word_1_208' title='bbox 441 3021 644 3098; x_wconf 87' lang='lat' dir='ltr'><strong>argumenta,</strong></span> <span class='ocrx_word' id='word_1_209' title='bbox 671 3016 785 3098; x_wconf 90' lang='lat' dir='ltr'><strong>quibus</strong></span> <span class='ocrx_word' id='word_1_210' title='bbox 807 3017 919 3082; x_wconf 89' lang='lat' dir='ltr'><strong>Keller</strong></span> <span class='ocrx_word' id='word_1_211' title='bbox 940 3016 1166 3102; x_wconf 87' lang='lat' dir='ltr'><strong>Hertzbergius</strong></span> <span class='ocrx_word' id='word_1_212' title='bbox 1189 3021 1287 3086; x_wconf 90' lang='lat' dir='ltr'><strong>ceteri</strong></span> 
     </span>
     <span class='ocr_line' id='line_1_27' title="bbox 133 3115 1283 3200; baseline 0.003 -18"><span class='ocrx_word' id='word_1_213' title='bbox 133 3116 167 3182; x_wconf 91' lang='lat' dir='ltr'><strong>iu</strong></span> <span class='ocrx_word' id='word_1_214' title='bbox 189 3115 283 3200; x_wconf 82' lang='lat' dir='ltr'><strong>Syria</strong></span> <span class='ocrx_word' id='word_1_215' title='bbox 311 3121 441 3198; x_wconf 87' lang='lat' dir='ltr'><strong>poetam</strong></span> <span class='ocrx_word' id='word_1_216' title='bbox 468 3119 501 3181; x_wconf 92' lang='lat' dir='ltr'><strong>et</strong></span> <span class='ocrx_word' id='word_1_217' title='bbox 528 3121 603 3182; x_wconf 89' lang='lat' dir='ltr'><strong>ante</strong></span> <span class='ocrx_word' id='word_1_218' title='bbox 631 3124 771 3184; x_wconf 87' lang='lat' dir='ltr'><strong>aetatem</strong></span> <span class='ocrx_word' id='word_1_219' title='bbox 802 3119 979 3184; x_wconf 88' lang='lat' dir='ltr'><strong>Romanam</strong></span> <span class='ocrx_word' id='word_1_220' title='bbox 1007 3118 1128 3186; x_wconf 88' lang='lat' dir='ltr'><strong>uixisse</strong></span> <span class='ocrx_word' id='word_1_221' title='bbox 1156 3118 1283 3190; x_wconf 90' lang='lat' dir='ltr'><strong>demon-</strong></span> 
     </span>
     <span class='ocr_line' id='line_1_28' title="bbox 134 3216 1283 3300; baseline 0.006 -18"><span class='ocrx_word' id='word_1_222' title='bbox 134 3224 236 3282; x_wconf 89' lang='lat' dir='ltr'><strong>strare</strong></span> <span class='ocrx_word' id='word_1_223' title='bbox 264 3217 370 3284; x_wconf 91' lang='lat' dir='ltr'><strong>conati</strong></span> <span class='ocrx_word' id='word_1_224' title='bbox 391 3221 480 3300; x_wconf 91' lang='lat' dir='ltr'><strong>sunt,</strong></span> <span class='ocrx_word' id='word_1_225' title='bbox 510 3216 652 3298; x_wconf 87' lang='lat' dir='ltr'><strong>aliquam</strong></span> <span class='ocrx_word' id='word_1_226' title='bbox 674 3219 830 3286; x_wconf 87' lang='lat' dir='ltr'><strong>haberent</strong></span> <span class='ocrx_word' id='word_1_227' title='bbox 855 3221 930 3286; x_wconf 89' lang='lat' dir='ltr'><strong>uim.</strong></span> <span class='ocrx_word' id='word_1_228' title='bbox 975 3219 1042 3286; x_wconf 86' lang='lat' dir='ltr'><strong>Sed</strong></span> <span class='ocrx_word' id='word_1_229' title='bbox 1063 3225 1149 3286; x_wconf 88' lang='lat' dir='ltr'><strong>reete</strong></span> <span class='ocrx_word' id='word_1_230' title='bbox 1171 3223 1199 3287; x_wconf 92' lang='lat' dir='ltr'><strong>si</strong></span> <span class='ocrx_word' id='word_1_231' title='bbox 1221 3221 1283 3289; x_wconf 87' lang='lat' dir='ltr'><strong>dis-</strong></span> 
     </span>
     <span class='ocr_line' id='line_1_29' title="bbox 133 3317 1284 3402; baseline 0.004 -19"><span class='ocrx_word' id='word_1_232' title='bbox 133 3317 245 3402; x_wconf 91' lang='lat' dir='ltr'><strong>putaui</strong></span> <span class='ocrx_word' id='word_1_233' title='bbox 266 3339 329 3385; x_wconf 92' lang='lat' dir='ltr'><strong>non</strong></span> <span class='ocrx_word' id='word_1_234' title='bbox 351 3318 480 3385; x_wconf 89' lang='lat' dir='ltr'><strong>habent.</strong></span> <span class='ocrx_word' id='word_1_235' title='bbox 514 3317 627 3401; x_wconf 88' lang='lat' dir='ltr'><strong>ltaque</strong></span> <span class='ocrx_word' id='word_1_236' title='bbox 641 3320 822 3387; x_wconf 90' lang='lat' dir='ltr'><strong>Branchum</strong></span> <span class='ocrx_word' id='word_1_237' title='bbox 844 3342 960 3388; x_wconf 90' lang='lat' dir='ltr'><strong>nomen</strong></span> <span class='ocrx_word' id='word_1_238' title='bbox 975 3320 1018 3387; x_wconf 91' lang='lat' dir='ltr'><strong>ad</strong></span> <span class='ocrx_word' id='word_1_239' title='bbox 1033 3321 1284 3390; x_wconf 89' lang='lat' dir='ltr'><strong>Branchidarum</strong></span> 
     </span>
     <span class='ocr_line' id='line_1_30' title="bbox 133 3420 1283 3508; baseline 0.005 -23"><span class='ocrx_word' id='word_1_240' title='bbox 133 3420 298 3486; x_wconf 88' lang='lat' dir='ltr'><strong>oraculum</strong></span> <span class='ocrx_word' id='word_1_241' title='bbox 320 3420 519 3486; x_wconf 85' lang='lat' dir='ltr'><strong>referendum</strong></span> <span class='ocrx_word' id='word_1_242' title='bbox 542 3439 613 3486; x_wconf 92' lang='lat' dir='ltr'><strong>esse</strong></span> <span class='ocrx_word' id='word_1_243' title='bbox 635 3420 662 3486; x_wconf 94' lang='lat' dir='ltr'><strong>si</strong></span> <span class='ocrx_word' id='word_1_244' title='bbox 678 3421 917 3489; x_wconf 82' lang='lat' dir='ltr'><strong>Gutschmidius</strong></span> <span class='ocrx_word' id='word_1_245' title='bbox 939 3423 998 3490; x_wconf 93' lang='lat' dir='ltr'><strong>tibi</strong></span> <span class='ocrx_word' id='word_1_246' title='bbox 1020 3423 1188 3508; x_wconf 85' lang='lat' dir='ltr'><strong>persuasit,</strong></span> <span class='ocrx_word' id='word_1_247' title='bbox 1211 3444 1283 3491; x_wconf 91' lang='lat' dir='ltr'><strong>oon·</strong></span> 
     </span>
    </p>
   </div>
   <div class='ocr_carea' id='block_1_3' title="bbox 133 3520 1386 3608">
    <p class='ocr_par' dir='ltr' id='par_1_7' title="bbox 133 3520 1386 3608">
     <span class='ocr_line' id='line_1_31' title="bbox 133 3520 1386 3608; baseline 0.006 -23"><span class='ocrx_word' id='word_1_248' title='bbox 133 3520 256 3586; x_wconf 87' lang='lat' dir='ltr'><strong>iectura</strong></span> <span class='ocrx_word' id='word_1_249' title='bbox 277 3521 364 3586; x_wconf 87' lang='lat' dir='ltr'><strong>haud</strong></span> <span class='ocrx_word' id='word_1_250' title='bbox 387 3521 534 3587; x_wconf 89' lang='lat' dir='ltr'><strong>dissimili</strong></span> <span class='ocrx_word' id='word_1_251' title='bbox 555 3541 630 3590; x_wconf 88' lang='lat' dir='ltr'><strong>usus</strong></span> <span class='ocrx_word' id='word_1_252' title='bbox 653 3523 807 3608; x_wconf 88' lang='lat' dir='ltr'><strong>suspicari</strong></span> <span class='ocrx_word' id='word_1_253' title='bbox 829 3523 932 3608; x_wconf 90' lang='lat' dir='ltr'><strong>possis</strong></span> <span class='ocrx_word' id='word_1_254' title='bbox 949 3523 1061 3606; x_wconf 87' lang='lat' dir='ltr'><strong>Mileti,</strong></span> <span class='ocrx_word' id='word_1_255' title='bbox 1084 3525 1174 3590; x_wconf 91' lang='lat' dir='ltr'><strong>euius</strong></span> <span class='ocrx_word' id='word_1_256' title='bbox 1196 3526 1283 3592; x_wconf 90' lang='lat' dir='ltr'><strong>urbis</strong></span> <span class='ocrx_word' id='word_1_257' title='bbox 1383 3597 1386 3604; x_wconf 67' lang='grc'><strong>,</strong></span> 
     </span>
    </p>
   </div>
   <div class='ocr_carea' id='block_1_4' title="bbox 132 3621 1283 3916">
    <p class='ocr_par' dir='ltr' id='par_1_8' title="bbox 132 3621 1283 3916">
     <span class='ocr_line' id='line_1_32' title="bbox 132 3621 1283 3709; baseline 0.005 -23"><span class='ocrx_word' id='word_1_258' title='bbox 132 3621 336 3687; x_wconf 89' lang='lat' dir='ltr'><strong>Branchidae</strong></span> <span class='ocrx_word' id='word_1_259' title='bbox 359 3630 449 3688; x_wconf 90' lang='lat' dir='ltr'><strong>erant</strong></span> <span class='ocrx_word' id='word_1_260' title='bbox 471 3643 541 3688; x_wconf 93' lang='lat' dir='ltr'><strong>cum</strong></span> <span class='ocrx_word' id='word_1_261' title='bbox 564 3623 692 3689; x_wconf 89' lang='lat' dir='ltr'><strong>oraculo</strong></span> <span class='ocrx_word' id='word_1_262' title='bbox 710 3624 928 3709; x_wconf 89' lang='lat' dir='ltr'><strong>celeberrimo,</strong></span> <span class='ocrx_word' id='word_1_263' title='bbox 951 3624 1171 3692; x_wconf 84' lang='lat' dir='ltr'><strong>Alexandrum</strong></span> <span class='ocrx_word' id='word_1_264' title='bbox 1185 3625 1283 3694; x_wconf 82' lang='lat' dir='ltr'><strong>fulssc</strong></span> 
     </span>
     <span class='ocr_line' id='line_1_33' title="bbox 133 3723 1282 3810; baseline 0.005 -22"><span class='ocrx_word' id='word_1_265' title='bbox 133 3741 242 3806; x_wconf 89' lang='lat' dir='ltr'><strong>regem</strong></span> <span class='ocrx_word' id='word_1_266' title='bbox 271 3725 363 3804; x_wconf 90' lang='lat' dir='ltr'><strong>quasi</strong></span> <span class='ocrx_word' id='word_1_267' title='bbox 391 3723 602 3790; x_wconf 89' lang='lat' dir='ltr'><strong>sacrificulum</strong></span> <span class='ocrx_word' id='word_1_268' title='bbox 624 3761 663 3769; x_wconf 94' lang='lat'>-</span> <span class='ocrx_word' id='word_1_269' title='bbox 687 3726 768 3791; x_wconf 89' lang='lat' dir='ltr'><strong>tales</strong></span> <span class='ocrx_word' id='word_1_270' title='bbox 797 3726 880 3792; x_wconf 91' lang='lat' dir='ltr'><strong>enim</strong></span> <span class='ocrx_word' id='word_1_271' title='bbox 903 3745 995 3810; x_wconf 87' lang='lat' dir='ltr'><strong>reges</strong></span> <span class='ocrx_word' id='word_1_272' title='bbox 1017 3745 1117 3808; x_wconf 88' lang='lat' dir='ltr'><strong>usque</strong></span> <span class='ocrx_word' id='word_1_273' title='bbox 1140 3727 1183 3794; x_wconf 91' lang='lat' dir='ltr'><strong>ad</strong></span> <span class='ocrx_word' id='word_1_274' title='bbox 1205 3735 1282 3796; x_wconf 91' lang='lat' dir='ltr'><strong>tem·</strong></span> 
     </span>
     <span class='ocr_line' id='line_1_34' title="bbox 134 3824 1282 3916; baseline 0.008 -26"><span class='ocrx_word' id='word_1_275' title='bbox 134 3844 214 3908; x_wconf 92' lang='lat' dir='ltr'><strong>pora</strong></span> <span class='ocrx_word' id='word_1_276' title='bbox 228 3826 307 3890; x_wconf 90' lang='lat' dir='ltr'><strong>satis</strong></span> <span class='ocrx_word' id='word_1_277' title='bbox 322 3825 460 3891; x_wconf 89' lang='lat' dir='ltr'><strong>recentia</strong></span> <span class='ocrx_word' id='word_1_278' title='bbox 475 3824 558 3891; x_wconf 89' lang='lat' dir='ltr'><strong>inter</strong></span> <span class='ocrx_word' id='word_1_279' title='bbox 573 3827 777 3910; x_wconf 83' lang='lat' dir='ltr'><strong>magistratus</strong></span> <span class='ocrx_word' id='word_1_280' title='bbox 792 3828 935 3895; x_wconf 83' lang='lat' dir='ltr'><strong>Milesios</strong></span> <span class='ocrx_word' id='word_1_281' title='bbox 949 3827 1048 3893; x_wconf 87' lang='lat' dir='ltr'><strong>fuisse</strong></span> <span class='ocrx_word' id='word_1_282' title='bbox 1063 3828 1211 3914; x_wconf 76' lang='lat' dir='ltr'><strong>scimus2)</strong></span> <span class='ocrx_word' id='word_1_283' title='bbox 1231 3869 1282 3916; x_wconf 95' lang='lat'><strong>-,</strong></span> 
     </span>
    </p>
   </div>
   <div class='ocr_carea' id='block_1_5' title="bbox 133 3973 1282 4216">
    <p class='ocr_par' dir='ltr' id='par_1_9' title="bbox 133 3973 1282 4216">
     <span class='ocr_line' id='line_1_35' title="bbox 221 3973 1282 4052; baseline 0.008 -25"><span class='ocrx_word' id='word_1_284' title='bbox 221 3977 245 4039; x_wconf 84' lang='lat' dir='ltr'><strong>l)</strong></span> <span class='ocrx_word' id='word_1_285' title='bbox 271 3973 371 4028; x_wconf 89' lang='lat' dir='ltr'><strong>Decem</strong></span> <span class='ocrx_word' id='word_1_286' title='bbox 394 3974 453 4028; x_wconf 87' lang='lat' dir='ltr'><strong>fere</strong></span> <span class='ocrx_word' id='word_1_287' title='bbox 476 3989 562 4030; x_wconf 87' lang='lat' dir='ltr'><strong>annos</strong></span> <span class='ocrx_word' id='word_1_288' title='bbox 583 3975 758 4043; x_wconf 87' lang='lat' dir='ltr'><strong>interpositos</strong></span> <span class='ocrx_word' id='word_1_289' title='bbox 776 3991 836 4032; x_wconf 86' lang='lat' dir='ltr'><strong>csso</strong></span> <span class='ocrx_word' id='word_1_290' title='bbox 853 3980 951 4046; x_wconf 84' lang='lat' dir='ltr'><strong>potant</strong></span> <span class='ocrx_word' id='word_1_291' title='bbox 968 3977 1066 4046; x_wconf 86' lang='lat' dir='ltr'><strong>Bergk.</strong></span> <span class='ocrx_word' id='word_1_292' title='bbox 1081 3980 1099 4033; x_wconf 90' lang='lat' dir='ltr'><strong>l.</strong></span> <span class='ocrx_word' id='word_1_293' title='bbox 1114 3995 1135 4035; x_wconf 87' lang='lat' dir='ltr'><strong>s.</strong></span> <span class='ocrx_word' id='word_1_294' title='bbox 1150 3997 1172 4038; x_wconf 86' lang='lat' dir='ltr'><strong>a.</strong></span> <span class='ocrx_word' id='word_1_295' title='bbox 1189 3999 1217 4052; x_wconf 91' lang='lat' dir='ltr'><strong>p.</strong></span> <span class='ocrx_word' id='word_1_296' title='bbox 1235 3986 1282 4036; x_wconf 86' lang='lat'><strong>130</strong></span> 
     </span>
     <span class='ocr_line' id='line_1_36' title="bbox 133 4056 858 4128; baseline 0.004 -17"><span class='ocrx_word' id='word_1_297' title='bbox 133 4060 178 4123; x_wconf 90' lang='lat'><strong>(--·</strong></span> <span class='ocrx_word' id='word_1_298' title='bbox 189 4058 244 4112; x_wconf 88' lang='lat' dir='ltr'><strong>ind</strong></span> <span class='ocrx_word' id='word_1_299' title='bbox 254 4059 315 4112; x_wconf 89' lang='lat' dir='ltr'><strong>lect.</strong></span> <span class='ocrx_word' id='word_1_300' title='bbox 326 4056 414 4112; x_wconf 83' lang='lat' dir='ltr'><strong>Marb.</strong></span> <span class='ocrx_word' id='word_1_301' title='bbox 425 4063 489 4113; x_wconf 85' lang='grc'><strong>1845</strong></span> <span class='ocrx_word' id='word_1_302' title='bbox 503 4075 531 4127; x_wconf 95' lang='lat' dir='ltr'><strong>p.</strong></span> <span class='ocrx_word' id='word_1_303' title='bbox 540 4059 590 4125; x_wconf 72' lang='lat' dir='ltr'>III)</span> <span class='ocrx_word' id='word_1_304' title='bbox 609 4063 637 4114; x_wconf 88' lang='lat' dir='ltr'><strong>et</strong></span> <span class='ocrx_word' id='word_1_305' title='bbox 652 4060 744 4115; x_wconf 90' lang='lat' dir='ltr'><strong>Keller</strong></span> <span class='ocrx_word' id='word_1_306' title='bbox 761 4076 788 4128; x_wconf 91' lang='lat' dir='ltr'><strong>p.</strong></span> <span class='ocrx_word' id='word_1_307' title='bbox 798 4065 858 4116; x_wconf 84' lang='grc'><strong>408.</strong></span> 
     </span>
     <span class='ocr_line' id='line_1_37' title="bbox 220 4143 1281 4216; baseline 0.008 -20"><span class='ocrx_word' id='word_1_308' title='bbox 220 4147 246 4210; x_wconf 77' lang='grc'><strong>2)</strong></span> <span class='ocrx_word' id='word_1_309' title='bbox 264 4143 393 4197; x_wconf 86' lang='lat' dir='ltr'><strong>Testatur</strong></span> <span class='ocrx_word' id='word_1_310' title='bbox 409 4143 478 4212; x_wconf 87' lang='lat' dir='ltr'><strong>lapis</strong></span> <span class='ocrx_word' id='word_1_311' title='bbox 496 4144 595 4198; x_wconf 85' lang='lat' dir='ltr'><strong>aetatis</strong></span> <span class='ocrx_word' id='word_1_312' title='bbox 607 4143 746 4200; x_wconf 86' lang='lat' dir='ltr'><strong>Romanae</strong></span> <span class='ocrx_word' id='word_1_313' title='bbox 764 4145 809 4212; x_wconf 82' lang='lat' dir='ltr'><strong>(cl.</strong></span> <span class='ocrx_word' id='word_1_314' title='bbox 827 4149 1006 4204; x_wconf 62' lang='lat' dir='ltr'><strong>devoraveras</strong></span> <span class='ocrx_word' id='word_1_315' title='bbox 1024 4152 1132 4216; x_wconf 89' lang='lat' dir='ltr'><strong>nomen)</strong></span> <span class='ocrx_word' id='word_1_316' title='bbox 1150 4149 1281 4205; x_wconf 86' lang='lat' dir='ltr'><strong>Branchi-</strong></span> 
     </span>
    </p>
   </div>
   <div class='ocr_carea' id='block_1_6' title="bbox 0 0 1574 4872">
    <p class='ocr_par' dir='ltr' id='par_1_10' title="bbox 0 0 1574 4872">
     <span class='ocr_line' id='line_1_38' title="bbox 0 0 1574 4872; baseline 0 0"><span class='ocrx_word' id='word_1_317' title='bbox 0 0 1574 4872; x_wconf 95' lang='lat' dir='ltr'><strong> </strong></span> 
     </span>
    </p>
   </div>
  </div>
 </body>
</html>
