3118 4870
592 409 626 465 de
643 409 736 464 Babrii
753 412 851 466 aetate.
1236 410 1297 470 215

148 579 296 666 ἔψαυσεν
319 572 405 656 ὠτός
426 585 458 648 et
473 581 586 648 Auian.
603 583 654 665 30,
673 580 806 667 1-4)1)
827 588 913 650 recte
935 583 1099 667 perspexit
1119 583 1299 650 Prantelius

147 683 264 749 Philol.
286 683 347 748 VII
375 703 406 767 p.
422 685 485 765 52,
516 683 574 748 sed
596 682 699 750 minus
720 684 749 750 si
771 684 849 766 quid
876 682 972 752 uideo
1000 691 1086 752 recte
1116 684 1208 751 dicit:
1228 679 1300 752 ‘der

147 785 266 851 Hirsoh
368 784 515 867 verlangt
542 784 611 850 sich
639 783 786 852 withlioh
814 786 924 853 weiter
950 786 1055 854 nichts
1083 785 1189 868 mehr,
1217 787 1300 854 auch

147 886 270 953 hcine
290 886 527 969 Ansprhche
549 887 618 952 auf
637 887 907 972 Thronfolge,
930 886 1066 954 sondorn
1081 887 1123 953 ist
1138 889 1300 956 aufrieden

148 988 207 1054 mit
221 985 295 1054 dem
310 1007 378 1053 was
394 1005 429 1052 er
448 977 521 1052 hat?
561 987 686 1072 Nempe
709 1007 792 1070 quae
814 987 856 1054 de
878 989 964 1056 cerui
987 989 1181 1056 continentia
1204 997 1236 1056 et
1258 990 1300 1058 de

148 1088 249 1172 pratis
271 1087 385 1155 alienis
407 1087 493 1173 apud
515 1088 687 1156 Aelianum
710 1097 741 1155 et
762 1089 900 1156 Plinium
923 1097 1106 1174 narrantur,
1129 1091 1172 1156 ad
1194 1092 1299 1175 uolpis

149 1191 259 1256 dolum
274 1195 418 1275 spectare
433 1194 576 1276 apparet,
599 1209 682 1272 quae
699 1191 795 1275 longe
817 1191 910 1257 aliter
933 1197 1029 1273 atque
1044 1192 1207 1260 Babriana
1227 1213 1300 1278 pas·

148 1290 217 1357 cuis
239 1290 403 1375 promissis
426 1312 555 1359 ceruum
577 1291 727 1376 pellicere
749 1291 884 1358 studeat.
927 1292 1017 1372 Quae
1041 1295 1222 1361 coniectura
1243 1316 1301 1379 per

147 1413 184 1459 se
206 1393 285 1459 satis
307 1393 419 1478 opinor
440 1393 617 1478 probabilis
639 1399 727 1460 certa
747 1393 784 1460 fit
807 1415 844 1462 eo
868 1393 953 1476 quod
978 1395 1011 1461 in
1033 1395 1301 1464 Pantschatantra

147 1494 237 1576 1V‚2
259 1491 336 1574 (nol.
352 1494 384 1560 11
405 1515 435 1579 p.
453 1494 530 1575 isc)
554 1495 642 1578 thos,
671 1495 726 1576 qui
753 1495 787 1560 in
814 1496 932 1562 fabulis
954 1495 1072 1562 Indicis
1101 1498 1301 1565 substituitur

149 1615 207 1679 pro
229 1595 340 1679 uolpo,
363 1597 469 1681 asino,
492 1595 601 1680 quiin
623 1596 709 1661 cerui
730 1597 834 1662 locum
857 1597 1010 1664 successit
1020 1597 1061 1682 ²),
1083 1601 1201 1664 famem
1224 1620 1299 1682 que-

149 1696 231 1763 renti
252 1695 329 1761 dicit
344 1697 477 1763 Benfeio
498 1697 670 1781 interprete
682 1697 726 1781 ³):
745 1692 897 1782 ‘Freund,
921 1718 1013 1764 wenn
1036 1699 1109 1764 dem
1131 1719 1167 1766 so
1189 1700 1240 1783 ist,
1264 1719 1299 1766 so

237 1871 261 1930 Ι)
278 1862 462 1919 Alexandrina
483 1868 573 1918 aetate
594 1865 711 1920 nobilem
728 1865 813 1920 fulsse
831 1866 901 1919 hanc
918 1865 1039 1920 fabulam
1056 1865 1119 1919 inde
1137 1881 1242 1934 quoque
1260 1867 1299 1921 ef-

145 1952 252 2016 ficitur,
284 1949 356 2019 quod
378 1963 508 2016 expressa
531 1948 639 2004 uidetur
662 1949 771 2018 pictura
795 1949 960 2018 Pompeiana
983 1950 1102 2018 Helbigii
1123 1945 1298 2018 ‘Wandgem‘

150 2040 229 2091 1584:
255 2033 289 2088 oi.
306 2031 433 2088 ‘Unters'
452 2047 478 2100 p.
494 2036 535 2087 92.
572 2034 728 2089 Archilochi
752 2039 842 2088 autem
864 2049 973 2089 uersum
996 2032 1078 2100 χολὴν
1099 2032 1151 2106 γὰρ
1168 2029 1215 2086 οὐκ
1233 2036 1301 2099 ἔχεις

147 2117 194 2190 ἐφ’
214 2113 299 2185 ἥπατι
317 2116 360 2184 (fr.
380 2120 438 2182 131)
461 2117 568 2186 uolpem
590 2118 713 2186 potuisse
730 2118 820 2174 dicere
843 2124 874 2173 ut
891 2119 988 2174 iterum
1005 2113 1110 2174 leonem
1128 2119 1201 2174 uisat
1220 2135 1300 2173 ceruo

148 2201 356 2272 persuadentem
373 2202 490 2270 Bergkio
514 2218 580 2256 non*
593 2203 686 2270 ored03
709 2204 794 2258 multo
819 2204 988 2274 probabilius
1006 2203 1107 2259 referes
1126 2203 1161 2257 ad
1178 2202 1299 2257 fabulam

148 2287 306 2342 Halmianae
326 2290 373 2340 183
392 2286 513 2350 similem,
531 2302 617 2355 neque
635 2291 726 2342 tamen
743 2319 778 2326 -
795 2304 865 2357 quae
876 2289 985 2358 Berghii
1003 2293 1043 2342 est
1061 2289 1195 2342 sententia
1214 2318 1246 2328 -
1266 2287 1301 2341 ad

148 2371 223 2426 illam
240 2372 336 2440 ipsam,
354 2371 463 2424 namin
480 2370 619 2424 ueteribus
636 2371 679 2425 his
697 2371 796 2425 fabulis
815 2373 926 2441 elephas
944 2372 991 2426 uix
1009 2372 1092 2428 habet
1110 2373 1207 2434 locum,
1226 2387 1261 2426 ne
1273 2372 1301 2425 in

147 2455 258 2525 Libycis
281 2453 395 2521 quidem.
431 2451 533 2508 Contra
554 2452 587 2507 fr.
609 2458 668 2506 toi:
692 2449 828 2524 πάρελθε·
853 2461 976 2524 γενναῖος
991 2454 1043 2526 γὰρ
1061 2457 1098 2510 εἷς
1115 2458 1173 2512 lure
1192 2472 1301 2524 compo·

148 2541 205 2595 suit
227 2537 362 2604 Bergldus
385 2553 410 2605 p.
430 2540 480 2590 720
499 2539 568 2590 extr.
592 2552 653 2590 cum
674 2537 756 2591 Babr.
776 2542 817 2604 95,
836 2542 881 2590 81:
906 2534 966 2589 ἀλλ’
988 2537 1055 2590 aliti
1077 2547 1122 2592 καὶ
1146 2540 1178 2594 τὸ
1204 2539 1301 2594 λοιπὸν

148 2624 211 2680 ἴσθι
229 2626 355 2694 peccatu:
374 2635 535 2690 quamquam
554 2625 653 2674 certam
671 2620 704 2675 de
721 2621 776 2676 fab.
787 2623 820 2674 95
839 2622 1022 2676 coniecturam
1041 2637 1074 2676 ox
1091 2640 1145 2678 uno
1157 2625 1204 2679 illo
1219 2641 1302 2680 uersu

149 2723 204 2764 non
228 2705 323 2761 iacies.
358 2705 412 2760 Vix
433 2711 524 2760 autem
547 2710 623 2760 recte
645 2705 754 2775 apologi
774 2705 876 2760 exitum
898 2706 994 2760 fictum
1017 2721 1077 2760 esse
1098 2708 1216 2774 censuit,
1241 2725 1301 2765 cum

148 2787 347 2868 ‘antiquissima
362 2789 449 2855 fama,
468 2805 538 2859 quae
556 2805 667 2844 ceruum
686 2791 766 2846 corde
784 2805 877 2845 carere
894 2790 1057 2860 perhiberet,
1080 2805 1170 2845 rerum
1188 2796 1302 2846 naturae

150 2871 364 2931 aduersaretur':
383 2890 480 2930 uereor
498 2875 577 2940 enim,
595 2880 626 2929 ut
642 2875 752 2932 Homeri
770 2872 885 2947 κραδίην
902 2871 1013 2943 ἐλάφοιο
1031 2876 1102 2939 ἔχειν
1125 2880 1198 2930 recte
1216 2877 1301 2944 expli-

151 2961 256 3015 cauerit
273 2955 363 3028 ‘plane
381 2959 485 3014 nullum
505 2976 551 3014 cor
568 2956 690 3014 habere'.
725 2960 796 3014 Nam
814 2960 911 3014 scholii
927 2959 1078 3014 Vlctoriani
1097 2959 1127 3012 ll.
1145 2963 1175 3010 A
1193 2963 1243 3013 224
1262 2959 1301 3012 λε’-

148 3065 226 3115 γεται
244 3040 361 3114 καρδίαν
378 3039 427 3096 οὐκ
444 3046 516 3108 ἔχειν
532 3043 565 3098 τὸ
584 3043 710 3115 ἐῖάφιον,
732 3043 836 3112 μᾶλλον
854 3041 884 3096 δὲ
901 3042 983 3110 χολὴν
1001 3039 1050 3096 οὐκ
1067 3046 1121 3109 ἔχει
1138 3045 1212 3113 prior
1228 3059 1301 3114 pars,

150 3145 203 3198 qua
223 3134 298 3183 caret
316 3128 400 3183 schol.
414 3129 445 3195 Β,
463 3143 498 3183 ex
514 3129 575 3197 ipsa
592 3130 682 3198 potius
700 3129 794 3183 fabula
812 3134 872 3183 orta
889 3128 1006 3184 uidetur.

236 3217 262 3280 2)
279 3213 352 3269 Num
370 3212 405 3267 ad
423 3213 534 3267 similem
545 3212 660 3268 formam
672 3217 780 3282 spectat
790 3213 860 3267 Plin.
870 3231 896 3268 n.
907 3214 933 3266 h.
944 3213 1019 3280 VIII,
1030 3216 1094 3267 225:
1112 3208 1149 3266 ‘in
1161 3213 1246 3282 Lycia
1258 3253 1264 3266 .
1275 3254 1282 3268 .
1294 3253 1300 3266 .

149 3315 204 3354 non
222 3297 520 3365 transeunt...onagri
536 3303 653 3352 montem
671 3300 718 3365 qui
736 3299 936 3367 Cappadociam
954 3314 971 3352 a
989 3297 1082 3351 Cilicia
1101 3294 1228 3352 diuidit'?

236 3387 262 3447 3)
280 3382 384 3437 Eadem
402 3381 508 3436 ratione
526 3396 596 3451 quae
613 3383 671 3437 hel.
689 3389 744 3436 nst
759 3398 802 3436 an.
818 3383 838 3449 I,
856 3387 896 3448 35,
915 3381 1043 3436 Philostr.
1058 3382 1202 3450 uithpoll.
1214 3381 1248 3446 II,
1261 3387 1300 3448 14,

149 3467 218 3522 Plin.
228 3484 254 3520 n.
264 3467 290 3520 h.
300 3467 335 3532 X,
348 3471 386 3520 li.
401 3465 487 3532 XXX,
500 3470 590 3520 130=
602 3467 817 3533 Gest.Rom.3t‚
835 3468 935 3535 Horap.
948 3466 983 3530 II,
998 3470 1030 3520 49
1048 3465 1092 3532 (cl.
1102 3465 1193 3520 [reem.
1204 3483 1231 3534 p.
1241 3469 1301 3532 342)

149 3551 264 3620 legimus
286 3552 319 3606 dc
343 3551 433 3620 aquila
457 3549 550 3604 nidum
568 3552 654 3606 aetita
670 3551 760 3621 lapide
778 3567 795 3605 a
813 3551 976 3606 draconibus
995 3550 1191 3606 fascinantibus
1210 3549 1301 3604 delen·

150 3636 246 3703 dente,
271 3635 344 3689 haud
370 3634 427 3690 scio
449 3649 485 3688 an
503 3635 572 3690 bene
589 3634 760 3690 illustrentur
776 3635 871 3691 fabula
888 3636 982 3690 Indica
998 3634 1126 3689 Pantsch.
1142 3637 1163 3700 Ι,
1179 3639 1194 3689 6
1212 3635 1300 3700 (Beni.
1338 3677 1342 3684 .

152 3805 209 3872 regi
227 3808 376 3873 surreptas,
395 3817 462 3871 quas
480 3809 641 3871 quaerentes
659 3804 774 3860 ministri
791 3805 895 3859 hostem
911 3802 1084 3858 interficiunt,
1113 3803 1176 3858 Alia
1189 3819 1223 3858 ex
1235 3803 1301 3858 Ger·

151 3903 294 3942 manorum
311 3887 417 3942 fabellis
435 3889 613 3958 popularibus
630 3889 768 3958 ingeniose
787 3887 934 3958 explicauit
945 3886 1098 3940 Prantelius
1114 3888 1131 3941 l.
1142 3904 1196 3948 ss.
1226 3888 1302 3956 Quae

151 3971 242 4026 omnia
266 3986 426 4041 componere
448 3975 476 4026 et
498 3973 652 4028 accuratius
677 3979 796 4028 tractare
819 3986 918 4040 operae
938 3971 1055 4040 pretium
1073 3971 1137 4036 ortt,
1160 3987 1222 4026 nam
1240 3989 1301 4028 cum

151 4056 306 4110 fabularum
323 4056 436 4112 historia
453 4056 572 4125 aliquam
589 4059 652 4112 hinc
671 4057 761 4126 capiet
777 4055 936 4120 utilitatem,
961 4061 1018 4108 tum
1040 4054 1154 4111 historia
1172 4058 1302 4113 scientiae

150 4139 284 4196 naturalis
303 4145 329 4196 et
347 4140 543 4210 quodammodo
560 4142 646 4212 ipsIus
664 4142 802 4198 hominum
822 4140 1028 4209 intellegentiae.
