3118 4870
272 413 334 477 202
752 415 815 471 Otto
834 415 945 471 Orosius

358 589 470 652 Restat
491 592 526 652 ut
548 608 589 654 ex
610 586 720 653 formis
741 585 921 654 fabularum
944 592 976 653 et
998 587 1138 654 moribus
1156 587 1374 670 institutisque
1389 590 1423 656 in

273 689 319 757 eis
349 688 509 774 expressis
538 689 614 771 quid
642 689 715 756 elioi
744 687 846 772 possit
873 688 1051 756 uideamus.
1095 687 1165 767 Quo
1191 691 1262 756 loeo
1285 690 1422 774 primum

271 791 445 858 notandum
464 795 513 858 est
533 809 694 872 nunquam
709 811 730 857 a
744 789 861 858 Babrio
877 790 1039 873 regionem
1054 791 1219 874 nominari,
1242 790 1276 858 in
1291 811 1355 874 qua
1369 813 1420 859 res

272 912 355 975 quae
370 899 537 961 narrantur
550 899 664 976 gestae
678 893 757 958 sint:
781 911 855 956 nam
871 891 964 957 aliter
981 899 1165 976 comparata
1185 890 1269 975 μετὰ
1288 891 1422 980 Θρᾴκην

274 998 324 1078 12,
340 999 358 1061 8
381 993 500 1076 (quode
521 995 626 1060 minus
647 1001 734 1060 reote
755 993 877 1059 iudioat
899 992 922 1058 Ι.
939 992 1070 1058 Grimm.
1088 993 1123 1058 R.
1140 993 1176 1060 F.
1192 1015 1223 1078 p.
1238 994 1299 1061 XV
1314 995 1422 1080 adn.);

270 1093 354 1178 μετὰ
370 1093 430 1172 τὰς
441 1088 589 1181 Ἀθήνας
605 1099 655 1179 22,
674 1099 725 1179 16;
745 1091 886 1175 χελιδών
899 1145 906 1159 .
921 1145 928 1158 .
942 1087 1122 1182 ,Ἀθηναίη
1139 1099 1190 1176 72,
1217 1101 1254 1160 16
1270 1115 1311 1161 ex
1327 1096 1422 1164 Terei

272 1204 304 1263 et
325 1199 469 1278 Prognes
491 1197 601 1280 mytho
624 1195 814 1281 deprompta
835 1194 979 1279 (Hertzb.
995 1218 1026 1281 p.
1047 1196 1136 1279 146):
1159 1195 1197 1262 of.
1215 1196 1312 1265 etiam
1327 1197 1420 1264 Bodl.

271 1298 397 1364 Knoell.
414 1303 454 1360 45
478 1292 496 1383 ἡ
517 1293 658 1378 χελιδών
680 1294 744 1384 ἔφη
768 1294 854 1383 πρὸς
875 1295 935 1385 τὴν
957 1296 1119 1384 κορώνην·
1143 1294 1227 1382 „syo
1248 1301 1422 1384 παρθένος

270 1399 325 1464 καὶ
344 1390 511 1484 Ἀθηναία
540 1400 594 1462 καὶ
623 1399 806 1482 βασίλισσα
830 1400 887 1463 καί
908 1399 1074 1482 βασιλέως
1095 1401 1161 1464 τῶν
1179 1392 1334 1487 Ἀθηνῶν
1355 1404 1422 1464 θυ-

270 1497 405 1587 γάοηρ.“
433 1501 489 1565 καὶ
518 1504 709 1588 προσέθηκε
730 1502 787 1566 καὶ
810 1498 868 1565 τὸν
895 1505 1004 1587 Τηρέα
1025 1502 1081 1565 καὶ
1103 1497 1163 1587 τὴν
1183 1505 1262 1583 βίαν
1284 1502 1339 1564 καὶ
1362 1499 1421 1588 τὴν

272 1593 449 1690 ἀποκοπὴν
471 1605 530 1689 τῆς
551 1600 698 1690 γλώσσης
719 1602 820 1686 αλλ)
857 1602 975 1669 Contra
996 1601 1193 1668 fabulatores
1209 1602 1351 1669 Graecos
1369 1621 1418 1668 us-

271 1723 333 1787 que
362 1703 405 1770 ad
433 1703 638 1790 insipientem
661 1709 799 1770 aetatem
818 1703 995 1770 Romanam
1018 1710 1069 1769 sat
1090 1723 1186 1787 saepe
1208 1703 1315 1770 looum
1337 1724 1420 1770 oom-

270 1825 464 1872 memorasse
492 1807 546 1872 uel
576 1825 617 1871 ex
645 1804 794 1870 tenuibus
823 1823 932 1871 eorum
961 1804 1104 1887 reliquiis
1130 1804 1276 1871 eonoludi
1300 1810 1418 1890 potest:

270 1908 358 1973 uelut
380 1905 466 1991 apud
485 1905 683 1973 Simonidem
704 1907 740 1970 fr.
759 1908 786 1969 8.
803 1907 822 1967 9
845 1905 951 1989 prodit
965 1906 998 1971 in
1013 1925 1161 1972 soaenam
1178 1904 1308 1990 ίγχελος
1324 1911 1417 1970 Μαν-

271 2007 405 2099 ανίρίης
427 2027 499 2072 oum
522 2027 641 2072 aranea
663 2010 695 2071 et
716 2005 843 2072 falcone
865 2004 916 2088 (ot.
932 2007 969 2072 fr.
995 2012 1029 2070 11
1051 2004 1151 2095 χηνὸς
1174 2001 1257 2072 ὤεον
1280 2011 1416 2072 Μαιαν-

271 2108 394 2195 3ρίου);
418 2107 504 2191 apud
527 2105 758 2172 Callimachum
780 2107 817 2172 fr.
835 2111 863 2174 6.
880 2112 908 2174 7.
926 2103 944 2174 8
960 2109 1001 2174 Μ.
1017 2137 1060 2160 =
1075 2111 1112 2172 91
1139 2106 1233 2175 Sohn.
1257 2109 1365 2174 laurus
1387 2115 1416 2175 et

269 2209 357 2276 oliua
385 2206 418 2272 ’ἐν
447 2232 523 2272 κοτε
549 2206 678 2293 Τμώλῳ
707 2213 846 2275 oertasse
869 2209 1029 2294 dicuntum
1069 2207 1154 2293 apud
1177 2211 1252 2276 Luo.
1275 2212 1354 2297 piso.
1378 2215 1416 2275 32

270 2308 326 2393 (=
341 2311 380 2375 H.
398 2307 486 2392 333¹2)
508 2310 644 2390 legimus
666 2307 724 2375 τὸν
748 2307 782 2374 ἒν
796 2307 893 2396 Κύμη
917 2303 994 2376 ὄνον
1016 2307 1244 2396 μιμήσασθαι,
1268 2309 1305 2389 ὃς
1327 2313 1417 2376 λεον-

267 2414 327 2499 τῆν
349 2409 614 2497 περιβαλόμενος
636 2403 729 2498 ἠξίου
753 2411 836 2477 λέων
861 2404 960 2487 αὐτὸς
987 2407 1127 2496 είναι2);
1156 2413 1192 2478 F.
1209 2417 1271 2478 264
1293 2412 1346 2498 (H.
1363 2412 1417 2496 30)

268 2548 310 2559 —
333 2533 429 2596 quam
451 2512 593 2580 fabulam
614 2512 682 2579 iure
704 2513 815 2580 laudat
837 2515 862 2579 I.
878 2513 1010 2580 Grimm.
1026 2515 1062 2579 R.
1078 2513 1113 2580 F.
1129 2535 1160 2599 p.
1173 2514 1237 2578 XV
1249 2551 1290 2560 -
1306 2515 1415 2599 uolpes

268 2611 326 2678 ἐπί
353 2611 412 2679 τὸν
439 2613 640 2702 Μαίανδρον
668 2613 823 2697 ποταμὸν
856 2615 1060 2698 conueniunt,
1095 2635 1158 2680 una
1185 2619 1293 2681 autem
1321 2615 1417 2682 auda·

269 2717 350 2782 oiam
380 2720 576 2783 ostentatura
603 2724 723 2783 temere
752 2715 860 2782 desilit
887 2716 920 2780 in
945 2714 1063 2783 flumen
1089 2721 1186 2798 atque
1208 2715 1364 2783 undarum
1386 2717 1418 2782 ui

355 2887 379 2947 1)
397 2882 531 2936 Versuum
553 2882 671 2936 frustula
693 2882 795 2951 aliquot
817 2887 926 2937 seruata
953 2883 1087 2937 uidentur.
1123 2883 1250 2952 Propone
1271 2881 1416 2952 βασίλισσα

266 2965 400 3035 βασιλέως
416 2987 447 3018 τε
464 2968 523 3018 τῶν
536 2962 696 3032 Ἀθηναίων
714 2963 854 3033 (Ἀθηνῶν
864 2967 906 3034 Β.)
924 2972 952 3022 et
968 2967 996 3021 in
1013 2966 1087 3022 exitu
1106 2961 1175 3020 bruno
1193 2965 1280 3020 λαίσῖς
1297 2970 1415 3020 τοσαῦτα

266 3049 514 3122 (κᾶπο>τμηθείσηε
531 3045 610 3115 (ὅπου
627 3072 671 3119 τμ.
690 3072 714 3105 τ.
734 3050 756 3103 λ.
775 3053 830 3120 Β.);
853 3049 1016 3118 ἀποκοπὴν
1032 3052 1080 3118 τῆσ
1096 3050 1137 3123 γλ.
1156 3067 1238 3121 supra
1255 3052 1349 3107 habea.

352 3141 377 3202 2)
397 3135 438 3188 Cf.
452 3134 538 3188 Niool.
553 3134 582 3187 in
590 3135 677 3189 Wslz.
686 3135 766 3190 rhett.
778 3136 823 3190 Gr.
832 3135 845 3188 I
855 3152 884 3204 p:
892 3140 942 3190 266
951 3163 985 3182 =
996 3136 1031 3190 H.
1042 3139 1091 3190 336
1107 3141 1134 3191 et
1149 3136 1226 3191 Bodl.
1235 3135 1288 3190 Kn.
1299 3140 1332 3190 99
1341 3163 1375 3182 =
1384 3135 1416 3189 H.

267 3225 316 3276 335
332 3247 366 3266 =
382 3220 462 3273 Babr.
475 3223 531 3272 164.
567 3219 610 3272 Ad
627 3220 758 3274 Babrium
776 3235 831 3274 non
848 3219 918 3274 redit
935 3219 1025 3274 Taetz.
1040 3219 1101 3274 ohil.
1117 3221 1163 3287 IV,
1174 3224 1223 3274 932
1241 3220 1284 3287 (Χ,
1296 3223 1366 3284 261γε
1386 3225 1415 3272 tv

266 3303 346 3376 Κύμη
368 3301 429 3356 ὄνος
451 3300 570 3375 γεγονὼς
590 3308 673 3375 μίγαε
694 3300 761 3376 ὑπὲρ
784 3302 846 3357 τοὺς
869 3300 946 3358 ὄνους
969 3303 1039 3372 κτλ,
1062 3320 1125 3359 nam
1142 3304 1276 3374 sequitur:
1301 3301 1337 3357 ois
1354 3299 1381 3356 δ’
1401 3297 1417 3369 ἡ

265 3387 345 3461 φωνὴ
361 3386 412 3440 τὸν
429 3383 549 3439 δείλαιον
566 3384 652 3450 ἔδειξε
669 3390 754 3441 πᾶσιν
772 3387 850 3454 ὄνον,
875 3404 993 3457 quocum
1010 3388 1128 3443 concinit
1145 3388 1177 3443 F.
1193 3394 1238 3443 141
1254 3417 1289 3436 =
1303 3388 1337 3442 H.
1352 3392 1414 3442 ³36:

265 3470 394 3545 ίτκίγγανε
411 3469 462 3544 γὰρ
481 3466 563 3523 αὐτοῦ
582 3472 775 3544 φθεγξαμένου
792 3479 984 3542 προακηκονῐα,
1003 3489 1064 3527 cum
1078 3472 1160 3527 Babr.
1171 3474 1248 3530 Bodl.
1259 3474 1414 3528 dehabeat:

266 3555 302 3612 oio
324 3555 355 3611 δὲ
375 3553 475 3625 ἀνέμου
499 3555 667 3610 πνεύσαντος
691 3551 792 3627 ἡὸσρὰ
809 3559 970 3630 περιῃρέθη.
1005 3557 1100 3626 Neque
1117 3573 1186 3626 quae
1203 3561 1354 3626 sequuntur
1371 3572 1414 3610 uu.

265 3648 313 3698 945
329 3659 386 3712 sqq.
401 3669 434 3688 =
449 3641 481 3695 F.
499 3644 557 3694 242.
576 3640 611 3696 Η.
627 3645 676 3695 363
695 3656 710 3695 s
726 3641 826 3696 Bebrio
845 3642 944 3697 hausta
963 3647 1027 3696 sunt
1045 3644 1093 3695 aut
1110 3641 1249 3708 v111‚5oo
1266 3657 1334 3711 sqq„
1355 3655 1415 3696 oum

264 3727 419 3782 Babr.t.'12
437 3726 554 3781 hirundo
567 3725 702 3781 secundas
719 3731 810 3795 partes
829 3730 900 3794 agat,
919 3725 992 3794 apud
1003 3726 1131 3781 Tzetzom
1142 3725 1229 3799 γλαῦξ
1240 3726 1310 3780 sieut
1324 3724 1355 3778 F.
1366 3729 1412 3778 217

168 3870 171 3876 ,
264 3811 345 3865 =H.
361 3816 419 3866 200.
454 3811 528 3866 Nihil
552 3811 659 3867 omnino
682 3810 775 3866 inueni
798 3826 851 3880 quo
870 3810 1013 3880 Tyruhitti
1034 3811 1124 3879 opinio
1149 3811 1273 3864 firmetur
1291 3807 1412 3864 Knoohio

264 3913 290 3964 p.
302 3900 333 3950 35
354 3896 470 3965 probata
480 3893 617 3951 ‘Tzetzam
635 3895 743 3964 saepius
762 3895 813 3949 sub
825 3895 928 3964 Aesopi
944 3895 1051 3950 nomine
1065 3895 1172 3950 tabulas
1185 3908 1329 3964 exponere,
1348 3907 1413 3960 quas

265 3995 299 4034 ex
316 3980 416 4034 Bebrio
434 3977 578 4046 hauserit',
597 3985 678 4050 atque
696 3985 799 4035 eertum
817 3982 859 4035 est
874 3983 984 4048 praeter
1001 3979 1130 4034 Bsbrium
1156 3995 1217 4034 eum
1235 3977 1317 4033 etiam
1334 3977 1413 4046 pede·

265 4068 334 4118 stres
351 4063 458 4118 fabulas
476 4065 642 4130 adhibuisse,
661 4065 694 4120 cf.
710 4081 732 4120 e.
748 4081 773 4134 g.
786 4064 861 4130 XIII,
871 4068 921 4118 494
931 4079 1003 4134 sqq.:
1023 4067 1078 4116 τοῖς
1095 4061 1195 4132 μύθοις
1213 4064 1261 4116 τοῦ
1278 4057 1412 4116 Αἰσώπου

265 4168 295 4200 τε
313 4153 358 4200 καί
376 4154 475 4224 στίχοις
492 4150 541 4201 τοῦ
558 4155 688 4221 Βαβρίσν.
