3138 4872
711 417 774 473 Otto
792 417 904 474 Crusius

380 583 459 654 ‘Yrr'
486 587 566 672 ἐμοῦ
589 589 625 654 δὲ
647 588 783 676 πριύτου
804 591 863 676 τῆς
885 587 995 676 θύρας
1017 581 1232 677 ἀνοιχθείσης

383 691 543 780 εἰσῆλθον
567 685 663 758 όλλοι
685 693 741 756 καλ
764 695 959 778 σοφωτέρας
981 690 1108 778 μούσης

380 799 515 881 γρίφοις
537 788 657 876 όμολας
680 791 855 880 ἐκφέρουσι
878 791 1033 878 ποιήσεις
1054 793 1122 856 κτλ.

229 899 405 965 imitatores
427 897 499 963 illos
521 896 626 980 ipsum
642 895 874 961 Callimachum
896 913 968 961 esse
987 893 1091 960 uideri
1106 894 1251 977 aliosque
1266 901 1381 979 poetas

229 997 467 1068 Alexandrinos
480 998 514 1081 ¹).
559 996 665 1075 Quare
692 1016 802 1081 regem
823 994 1042 1062 Alexandrum
1071 995 1204 1062 alterius
1224 996 1380 1080 prooemii

230 1101 446 1170 Alexandrum
464 1099 613 1166 Aetolum
632 1117 702 1165 esse
721 1117 804 1163 anuo
819 1119 848 1184 a,
861 1097 934 1163 Chr.
947 1100 1008 1160 244
1024 1097 1067 1163 ab
1081 1097 1242 1183 Antigono
1257 1117 1379 1165 ueneno

230 1205 399 1271 sublatum.
423 1200 566 1268 Priorem
575 1199 672 1282 igitur
680 1198 861 1265 fabularum
872 1198 1044 1266 editionem
1053 1205 1199 1284 paratam
1212 1218 1283 1266 asse
1296 1199 1380 1266 cirea

231 1325 347 1371 anunm
362 1323 390 1370 a.
404 1302 476 1369 Chr.
489 1300 597 1384 2502);
614 1301 748 1366 alteram
763 1306 870 1366 autem
886 1307 960 1384 post
971 1299 1147 1367 Alexandri
1162 1305 1297 1378 mortem
1312 1300 1379 1368 edi-

229 1414 295 1474 tam
316 1404 429 1486 uideri,
451 1423 523 1469 cum
544 1401 655 1468 fabula
677 1404 727 1484 85,
749 1401 783 1466 in
806 1420 869 1482 qua
891 1401 932 1468 de
955 1402 1041 1468 hello
1057 1422 1170 1468 canum
1186 1407 1219 1468 et
1232 1403 1380 1487 luporum

229 1513 342 1593 agatur
357 1513 389 1574 et
403 1526 433 1571 tt.
449 1509 468 1568 λ
484 1523 531 1586 sq.
547 1505 686 1587 legatur:
708 1501 795 1568 κύων
818 1495 849 1566 δ’
872 1495 1005 1584 Ἀχαιός
1022 1497 1130 1590 ¹t‘pddp
1153 1506 1258 1568 κυνῶν
1274 1503 1379 1591 δήμου

231 1606 412 1697 στρατηγὸς
442 1603 542 1686 εἶναι,
573 1604 615 1672 ad
642 1604 757 1672 foedus
778 1604 954 1670 Achaicum
982 1611 1014 1670 et
1036 1605 1128 1670 Arati
1149 1605 1248 1690 ipsius
1270 1595 1380 1672 contra

229 1713 362 1780 Aetolos
383 1716 527 1796 raptores
550 1706 787 1792 expeditionem
802 1706 846 1788 (a.
861 1706 938 1788 241)
957 1725 1074 1790 magna
1088 1705 1317 1790 probabilitate
1332 1726 1378 1773 re-

229 1813 304 1880 ferri
332 1811 441 1897 possit.
486 1810 551 1877 Sed
572 1808 724 1894 primaria
748 1807 806 1872 illa
829 1826 869 1872 ex
892 1825 956 1889 qna
977 1808 1126 1874 uniuersa
1147 1808 1379 1891 argumentatio

315 2055 339 2106 11
358 2044 521 2110 Similitudo,
546 2056 625 2111 quam
642 2039 775 2108 Bergkius
800 2041 872 2095 inter
888 2041 1020 2110 prooemii
1037 2042 1050 2094 1
1068 2056 1162 2096 uersus
1183 2045 1193 2094 1
1215 2056 1262 2110 το,
1282 2045 1378 2095 6-10:

232 2139 252 2189 1.
270 2130 353 2198 Γενιὴ
370 2127 486 2183 δικαίων
503 2117 537 2194 ἦν
554 2124 713 2197 τὸπρῶτον
729 2121 924 2196 ἀνθρώπων)
938 2117 961 2180 ὦ
978 2125 1082 2199 Βράμχε
1100 2129 1205 2190 τέκνον,
1223 2120 1380 2192 ἣνκαλούσι

228 2223 404 2290 χρυσείην...
434 2218 459 2268 6.
478 2214 524 2265 ἐπὶ
541 2211 587 2278 ripe
606 2207 636 2262 δὲ
652 2211 749 2284 χρυσῆς
767 2209 863 2263 καὶτὰ
882 2209 964 2266 λοιπὰ
981 2213 1040 2266 τῶν
1059 2209 1141 2278 ζῴων
1161 2210 1170 2280 ΙΙ
1188 2208 1285 2278 φωνὴν
1302 2209 1380 2280 ἔναρ-

228 2303 302 2375 θρον
320 2300 373 2365 εἶχε
390 2303 435 2350 καὶ
454 2293 546 2369 λόγους
563 2292 630 2368 ᾔδει,
642 2297 652 2364 i
666 2291 761 2368 ἀγοραὶ
776 2294 805 2346 δὲ
817 2297 925 2350 τούτων
937 2285 1007 2362 ἦσαν
1019 2300 1050 2348 ἐν
1061 2299 1156 2362 μέσαις
1167 2290 1256 2348 όλαιο·
1271 2296 1280 2364 ΙΙ
1291 2292 1379 2348 ἐλάλει

229 2385 259 2440 dl
282 2389 370 2457 πέτρα
391 2387 437 2436 καὶ
461 2380 496 2434 τὰ
520 2377 608 2450 φύλλα
631 2381 678 2446 τῆς
696 2375 802 2446 πεύκης,
816 2383 825 2449 il
846 2377 932 2433 ἐλάλει
952 2377 983 2432 dd
1000 2377 1115 2444 πόντος,
1140 2378 1251 2452 Βράμχε,
1269 2380 1317 2446 νηῒ
1333 2386 1378 2431 καὶ

227 2467 315 2542 ταύτῃ
333 2466 391 2521 κτλ.
409 2468 436 2520 et
453 2465 609 2519 Callimachi
626 2463 659 2518 fr.
679 2469 709 2520 87
728 2464 809 2521 Schn.
822 2469 866 2533 (=
879 2464 996 2520 Meiuek.
1015 2464 1162 2521 Choliamh.
1175 2481 1202 2534 p.
1217 2470 1261 2520 157
1272 2464 1378 2531 fallit:

223 2543 276 2607 *Ha
292 2557 378 2605 κεῖνος
395 2547 548 2616 ούνιαυτός,
573 2536 646 2616 ᾦτό
671 2569 701 2602 τι
719 2547 826 2616 πτηνόν
846 2549 855 2617 ΙΙ
872 2553 917 2600 καὶ
939 2544 1006 2602 τοόν
1025 2547 1155 2622 θαλάσσῃ
1173 2555 1219 2602 καὶ
1236 2549 1268 2604 τὸ
1285 2548 1378 2621 carpti·

228 2658 299 2694 πουν
322 2631 408 2690 ούτωο
427 2636 437 2705 11
455 2631 609 2706 ὲφθέγγεθ’
631 2630 667 2687 uis
687 2630 702 2688 ὁ
721 2631 805 2698 πηλὸς
822 2629 836 2686 ὁ
855 2633 1022 2705 Προμηθῆοο
1040 2639 1137 2696 1-ιιιοο
1153 2633 1193 2699 M)
1210 2633 1378 2689 intercedere

228 2723 368 2794 opinatur,
392 2724 500 2791 praeter
523 2719 685 2774 seutentiam
708 2733 726 2772 a
743 2718 834 2788 mytho
853 2717 978 2772 omnibus
997 2716 1109 2773 Graecis
1131 2718 1176 2785 (cf.
1195 2719 1377 2774 testimonium

226 2807 422 2864 nobilissimum
440 2805 542 2860 Cratini
559 2803 630 2858 Plut.
643 2801 703 2856 fr.3
722 2805 793 2866 [162]
811 2801 858 2868 Μ,
876 2801 924 2855 ubi
940 2801 1029 2870 pisces
1046 2802 1200 2872 loquuntur,
1220 2819 1282 2858 cum
1298 2810 1376 2872 βασι·

226 2892 284 2948 aa
301 2890 406 2963 Κρόνου
423 2880 457 2956 ἦν
474 2888 506 2944 τὸ
524 2884 644 2943 παλαιόν
661 2886 721 2940 ful
741 2889 823 2953 [161];
843 2885 948 2941 Welck.
958 2903 998 2954 gr.
1008 2887 1148 2942 Getterl.1
1164 2904 1191 2956 p.
1206 2891 1265 2953 123,
1284 2887 1378 2943 Fried-

227 2977 322 3032 render
339 2975 491 3030 Darstell.1
508 2991 535 3044 p.
549 2978 608 3038 ate,
626 2971 725 3038 Bergk.
743 2970 801 3025 rell.
820 2985 887 3024 com.
906 2972 963 3025 Att.
982 2987 1010 3040 p.
1028 2975 1086 3026 278.
1106 2975 1164 3039 281,
1182 2972 1274 3027 Keller
1291 2974 1308 3026 l.
1321 2990 1343 3027 s.
1354 2988 1376 3026 s.

225 3078 252 3131 p.
264 3065 322 3127 art,
333 3064 382 3112 319
392 3058 454 3113 adn.
467 3061 508 3124 16)
521 3062 602 3126 atque
614 3057 681 3111 adeo
694 3053 818 3110 omnihus
836 3053 894 3109 fera
905 3055 1012 3124 populis
1025 3055 1139 3123 (Grimm
1152 3055 1273 3112 Reinelre
1283 3057 1377 3112 Fuchs

225 3145 297 3214 pV,
314 3143 431 3198 Phachel
448 3142 476 3196 iu
493 3139 626 3210 ‘Beitrage
644 3155 696 3194 rou
713 3139 783 3194 Paul
800 3135 951 3195 uBraune’
962 3140 1013 3194 rol.
1024 3139 1058 3205 V,
1077 3145 1129 3210 lp.
1140 3146 1266 3210 rrosqq„
1286 3141 1376 3212 Tylen,

225 3227 349 3297 Anlhngc
367 3227 415 3282 dar
434 3226 529 3279 Cultor
545 3224 559 3277 I
575 3241 602 3293 p.
618 3227 648 3278 19
661 3241 701 3294 sq.
721 3229 771 3278 460
784 3229 834 3293 sq.)
852 3225 987 3280 communi
1004 3224 1191 3295 depromptam
1207 3231 1264 3280 tam
1281 3227 1378 3295 exigna

226 3321 282 3379 est,
300 3317 330 3367 nt
348 3312 415 3366 nihil
433 3311 469 3364 sit
486 3325 534 3364 our
552 3309 666 3364 alterum
684 3325 718 3365 ex
735 3309 821 3364 altero
839 3309 966 3365 hausisse
983 3315 1122 3378 putemus3
1148 3311 1259 3365 namin
1276 3310 1376 3366 fabulis

226 3400 307 3454 etiam
319 3393 478 3452 enarrandis
491 3395 537 3448 olii
549 3393 626 3448 multi
637 3398 664 3448 et
676 3401 740 3450 ante
753 3393 947 3449 Callimachum
960 3399 1061 3463 etpost
1073 3409 1134 3449 eum
1144 3394 1198 3449 hoc
1210 3396 1301 3465 mytho
1314 3401 1377 3450 sunt

225 3482 283 3547 usi,
302 3481 335 3536 cf.
354 3479 478 3547 Xenoph.
499 3483 640 3534 comment.
658 3480 730 3546 II‚'l,
746 3483 787 3534 13:
812 3483 902 3532 Φασιν
920 3473 966 3533 ὅτε
984 3475 1130 3549 φωνήεντα
1147 3472 1180 3545 ἦν
1197 3477 1232 3532 τὰ
1251 3481 1309 3544 ζῶα
1326 3479 1377 3546 τὴν

225 3567 283 3620 οἷν.
296 3567 416 3620 ..εἰπεῖν
429 3563 520 3629 (Bahr.
536 3564 604 3634 131),
621 3564 668 3618 uit.
685 3565 784 3633 Aesop.
798 3564 826 3618 in
839 3562 913 3618 fabb.
923 3563 1001 3620 Rom.
1015 3563 1057 3619 ed.
1071 3564 1171 3619 Eberh.
1185 3581 1212 3632 p.
1223 3568 1285 3618 282:
1302 3560 1374 3617 καθ’

225 3646 258 3703 όν
275 3648 374 3722 χρόνον
391 3644 525 3720 ὁμόφωνα
543 3637 576 3714 ἦν
593 3647 627 3702 τὰ
646 3650 717 3714 ζῶα,
740 3645 860 3717 πόλεμον
877 3648 905 3701 οἱ
921 3645 1069 3702 idumaeis
1086 3645 1234 3722 προβάτοις
1251 3649 1377 3718 συνῆψαν

227 3735 320 3801 (Bahr.
334 3738 393 3799 93),
414 3733 525 3790 Maxim.
545 3733 608 3804 Tyr.
626 3733 699 3790 Diss.
710 3734 824 3802 XXVp.
841 3737 886 3787 101
906 3733 1013 3788 Duebn.
1031 3734 1060 3787 in
1077 3733 1171 3788 rabula
1187 3734 1324 3802 Aesopea:
1343 3726 1378 3799 ἦν

225 3815 278 3890 ἄρα
295 3815 358 3870 τότε
376 3813 509 3888 ὁμόφωνα
527 3824 572 3870 καὶ
589 3817 624 3872 τό
642 3819 730 3891 θηρία
747 3823 803 3870 τοῖς
823 3813 986 3890 ἀνθρώποις
1007 3817 1049 3885 (F.
1066 3819 1141 3884 400),
1164 3818 1217 3874 Dio
1236 3818 1376 3888 Chrysost.

224 3901 336 3966 LXXII,
350 3906 391 3956 18:
411 3899 427 3967 ἡ
444 3898 543 3975 ἀρχαία
560 3901 646 3976 plait&
662 3904 703 3970 τῴ
722 3902 782 3956 ὄντι
801 3908 920 3976 φρονίμη
937 3892 971 3968 ἦν
988 3906 1033 3955 καὶ
1051 3900 1242 3971 ξυμβουλεύειν
1260 3899 1376 3955 ἐδύνατο

225 3987 266 4051 (F.
280 3989 347 4052 385).
774 3997 778 4003 '

311 4075 336 4136 2)
354 4069 443 4137 Negat
460 4069 531 4124 enim
549 4071 756 4137 Callimachum,
779 4071 825 4140 qui
842 4069 951 4126 fabulas
968 4071 1071 4140 priores
1089 4071 1125 4126 sit
1141 4070 1278 4136 imitatus,
1302 4071 1376 4125 hunc

224 4157 368 4212 terminum
386 4155 465 4224 longo
484 4156 573 4224 spatio
592 4170 742 4225 superasse.
