3138 4872
610 414 644 468 de
661 414 753 468 Babrii
772 418 869 470 aetate.
1247 417 1307 478 143

157 582 306 669 pretandi
328 583 451 651 ratione
473 604 551 652 usus
572 583 741 670 (probante
758 585 968 672 Bernhardyo
983 588 1036 653 112
1050 609 1082 673 p.
1100 593 1161 654 746
1177 589 1227 657 ed.
1242 591 1303 674 ΙΙΙ)

157 704 248 751 suam
269 685 370 770 ipsius
386 685 605 753 condicionem
625 687 778 752 Babrium
800 687 956 771 allegoria
978 689 1031 754 uel
1052 689 1186 774 parodia
1207 692 1305 776 signi·

155 787 251 854 ficare
274 787 390 854 conicit
410 807 441 872 p.
467 790 527 852 186
550 805 636 872 sqq.:
665 789 793 872 uolpem
815 789 975 855 Babrium·
990 807 1062 856 esse
1089 791 1211 877 ipsum,
1240 793 1305 861 leo·

44 933 47 937 -
154 908 229 955 nem
257 906 365 971 regem
393 890 534 972 aliquem
563 887 792 956 diadochorum
818 889 950 973 alterius
972 911 1001 956 a.
1026 890 1098 958 Chr.
1120 915 1151 958 n.
1174 895 1305 980 saeculi,

154 990 290 1056 fortasse
311 989 531 1056 Ptolemaeum
553 981 754 1074 Physconem
779 987 823 1076 (p.
845 989 931 1076 188),
954 991 1008 1073 qui
1031 994 1250 1062 ostentationis
1274 1002 1306 1062 et
1325 1013 1330 1026 ¹

154 1090 377 1159 delectationis
406 1110 503 1158 causa
524 1090 669 1158 homines
691 1091 849 1160 litteratos
871 1129 913 1148 ÷-
936 1112 998 1175 qun
1020 1093 1116 1160 refert
1139 1093 1305 1182 συνεζήτει

92 1193 93 1196 ’
153 1213 185 1260 n.
211 1197 249 1258 10
271 1228 313 1239 —
335 1191 378 1258 ad
406 1193 514 1258 aulam
543 1211 634 1258 suam
662 1194 800 1279 necarit,
829 1194 887 1262 sed
912 1193 1052 1278 pessime
1075 1214 1173 1280 saepe
1195 1216 1251 1263 eos
1274 1203 1306 1263 et

152 1293 224 1378 ipse
245 1293 388 1360 tractarit
409 1298 441 1360 et
463 1293 504 1359 ab
527 1293 639 1361 aulicis
661 1296 894 1380 nobilibusque,
920 1295 1049 1362 fabulae
1071 1297 1164 1364 simio
1187 1293 1304 1382 signifi-

154 1396 244 1479 oatis,
267 1395 396 1461 tractari
418 1413 532 1480 passus
557 1395 607 1460 sit.

238 1495 330 1575 Quae
359 1493 400 1560 de
428 1497 539 1563 fabula
567 1497 727 1563 sententia
749 1497 810 1564 etsi
830 1516 908 1564 uera
930 1507 1031 1582 esset,
1061 1507 1169 1566 tamen
1192 1501 1305 1567 petens

152 1598 347 1683 argumentis
369 1597 533 1664 dissolutis
556 1604 676 1664 certum
698 1618 763 1664 non
784 1599 954 1682 praeheret
975 1600 1136 1683 indicium,
1159 1620 1215 1667 eur
1229 1603 1303 1669 Ale-

153 1699 346 1766 xandrinum
368 1703 496 1784 poetam
519 1699 672 1766 Babrium
694 1699 793 1766 fuisse
815 1705 1014 1784 putaremus:
1037 1723 1111 1766 nam
1133 1703 1228 1786 plane
1253 1723 1306 1770 ea-

153 1802 227 1870 dem
255 1801 378 1868 ratione
400 1821 471 1867 oum
493 1801 548 1868 alii
571 1821 663 1886 reges
688 1802 894 1886 nobilesque,
925 1808 991 1868 tum
1013 1803 1221 1888 imperatores
1242 1805 1304 1872 Ro·

152 1904 240 1970 mani
265 1903 352 1968 haud
374 1903 469 1988 pauci
491 1903 568 1970 uiris
590 1903 694 1972 doctis
715 1903 884 1988 poetisque
905 1903 955 1970 usi
977 1908 1059 1970 sunt.
1098 1902 1163 1969 Sed
1178 1925 1241 1972 non
1257 1910 1305 1972 est

151 2025 245 2072 uera:
274 2005 345 2086 quis
375 2005 459 2072 enim
487 2006 551 2072 sihi
578 2003 785 2091 persuadebit
806 2003 961 2070 Babrium
989 2023 1025 2070 se
1049 2005 1154 2090 ipsum
1176 2008 1304 2090 uolpem

151 2107 266 2174 fecisse
281 2105 473 2173 esurientem
489 2107 669 2174 mendicam
685 2105 929 2174 ueteratrioem‘?
960 2105 1037 2184 Quis
1056 2105 1182 2172 simium
1197 2107 1313 2192 hospi·x

151 2205 238 2274 tibus
260 2207 380 2292 optima
402 2207 498 2274 suilla
519 2213 733 2292 apponentem
756 2207 894 2298 aulicum
917 2227 988 2274 esse
1009 2207 1144 2292 putabit,
1168 2209 1224 2290 qui
1243 2210 1304 2274 Ba·
1380 2251 1387 2265 ·

150 2308 256 2376 brium
278 2308 389 2374 luserit
411 2315 467 2374 aut
485 2310 616 2376 laeserit
632 2345 673 2356 -
688 2329 763 2375 nam
786 2308 827 2375 de
842 2308 913 2394 ipso
929 2310 1000 2376 cibo
1015 2314 1132 2393 poetae
1147 2309 1302 2377 subducto

149 2409 381 2492 Hertzbergius
409 2409 466 2474 uix
495 2410 577 2476 serio
606 2410 759 2492 cogitauit
771 2409 804 2492 ¹).
854 2410 1002 2492 Denique
1031 2411 1101 2494 quis
1133 2415 1304 2496 tyrannum

148 2531 271 2578 uanum
293 2515 325 2575 et
346 2507 458 2574 rudem
479 2509 581 2574 latere
603 2508 712 2575 credet
733 2509 792 2574 sub
814 2509 916 2575 leonis
938 2531 1086 2596 persona,
1109 2515 1163 2596 qui
1187 2515 1302 2580 dulcis·

150 2612 243 2680 simis
265 2609 316 2676 his
339 2607 528 2675 describitur
549 2609 714 2676 uersiculis
740 2615 856 2690 lsqq.:

347 2713 451 2774 Λέων
473 2702 553 2774 rroc’
580 2702 710 2796 ἀνδρῶν
731 2714 806 2793 βίον
830 2703 966 2795 ἄριστον
990 2708 1103 2796 ἐζήλου
1114 2713 1149 2796 ²).

346 2812 403 2876 καὶ
426 2807 465 2898 δὴ
488 2803 562 2876 κατ’
589 2805 684 2898 εὐρὺν
707 2807 839 2899 φωλεὸν
863 2809 1043 2897 διατρίβων

152 2917 355 2928 ¹¹„..—·—------—

151 2964 227 3019 nulla
245 2967 316 3018 sunt.
352 2957 469 3017 ‘Desunt
486 2962 551 3017 huie
568 2961 678 3017 fabulae
695 2977 791 3031 pressa
808 2967 835 3016 et
852 2961 944 3016 tenuia
963 2960 1062 3030 quibus
1074 2962 1227 3018 Babrianae
1247 2967 1305 3020 lere

151 3063 243 3105 omnes
267 3047 430 3116 conspicuae
454 3040 533 3101 suut?
571 3045 643 3100 Num
665 3061 759 3115 pressa
783 3049 811 3100 et
833 3045 922 3100 tenus
945 3049 987 3102 est
1001 3046 1059 3102 fab.
1077 3051 1124 3115 95,
1149 3063 1228 3116 quam
1245 3049 1304 3118 ipse

150 3150 178 3204 p.
188 3138 220 3189 35
234 3131 368 3202 egregiam
380 3131 518 3186 nominati
544 3127 658 3200 ‘Septies
670 3131 816 3187 trochaeus
829 3129 965 3185 inuenitur
976 3131 1004 3186 in
1015 3127 1076 3187 fine'
1092 3136 1128 3201 (p.
1138 3136 1170 3186 36
1181 3133 1242 3188 coll.
1253 3137 1304 3200 22).

150 3218 293 3274 Inuenitur
310 3217 398 3272 sexies
416 3220 442 3269 et
461 3214 566 3270 deletur
583 3215 625 3270 bis
643 3215 810 3270 correctione
828 3218 876 3269 aut
892 3215 1046 3270 necessaria
1064 3220 1117 3282 (27)
1130 3223 1178 3272 aut
1189 3219 1303 3274 maxime

149 3302 285 3372 probabili
298 3307 324 3366 (4
335 3299 396 3356 coll.
406 3303 449 3364 57,
462 3303 518 3368 12);
537 3304 666 3368 quattuor
682 3299 805 3354 trochaei
815 3299 845 3354 in
858 3303 889 3354 30
902 3300 1027 3355 uersibus
1042 3299 1236 3357 dubitationem
1248 3319 1304 3358 non

149 3393 273 3443 mouent:
293 3385 328 3441 ci.
346 3384 419 3440 Ehh.
436 3384 494 3439 obs.
506 3399 534 3454 p.
548 3389 571 3439 8.
601 3385 645 3438 Ex
661 3379 853 3439 ‘locutionibus
871 3383 1054 3452 singularibus
1072 3389 1098 3439 et
1115 3385 1193 3440 nimis
1211 3401 1302 3441 arces-

149 3468 217 3527 sitis'
237 3471 304 3526 nihil
321 3469 453 3538 sequitur,
472 3484 536 3524 nam
554 3483 600 3524 eas
618 3467 700 3522 etium
713 3467 779 3522 alibi
791 3467 823 3522 B.
837 3467 954 3535 adhibet,
974 3468 1010 3524 cl.
1019 3469 1170 3524 Zachariae
1181 3486 1208 3540 p.
1221 3474 1300 3540 itaq.

147 3557 211 3626 lpse
229 3555 340 3610 fabulae
357 3570 446 3610 sermo
464 3569 529 3610 uere
546 3552 698 3608 Babrianus
717 3556 766 3617 est,
785 3551 900 3608 eruas.
911 3552 1165 3623 Mnelepiii.

240 3625 263 3703 i)
282 3639 450 3708 Quamquam
467 3639 534 3693 talia
553 3637 679 3694 concludi
689 3642 805 3706 possunt
817 3651 850 3691 ex
861 3636 952 3692 uerbis
965 3632 1049 3692 ‘hatte
1061 3655 1118 3692 nun
1130 3639 1178 3693 der
1189 3639 1303 3695 Dichter

149 3725 192 3780 die
201 3725 263 3779 dem
271 3724 362 3778 Fuchs
372 3725 401 3780 iu
411 3725 459 3778 der
468 3723 553 3778 Fabel
562 3721 756 3778 uiderfahreuc
765 3721 944 3789 Behandlung
953 3721 1115 3777 hinnehmen
1124 3729 1234 3778 missen
1248 3764 1254 3777 .
1267 3766 1273 3778 .
1286 3723 1301 3778 .’

236 3813 263 3875 Ι)
280 3807 445 3863 Prauissime
463 3809 537 3862 hunc
553 3823 661 3863 uersum
678 3807 873 3876 interpretatur
890 3805 1110 3874 Hertzb.p.187:
1130 3802 1213 3862 ‘Aber
1229 3808 1302 3865 irren

148 3893 198 3948 uir
215 3893 306 3958 nicht,
328 3908 358 3948 so
375 3894 412 3950 ist
430 3893 501 3949 doch
517 3893 598 3961 grade
616 3892 674 3946 dies
692 3891 751 3945 eine
771 3891 889 3946 liberans
912 3889 1039 3944 boshalte
1057 3890 1213 3962 chdung‚
1238 3893 1302 3950 dass

150 3978 267 4032 Babrios
285 3977 337 4032 den
349 3977 449 4034 Ltwen
467 3991 579 4046 express
597 3977 650 4032 den
661 3975 825 4030 Entschluss
843 3973 937 4028 fasscn
953 3975 1030 4038 lassi,
1049 3975 1092 4029 ein
1104 3975 1197 4032 haben
1216 3979 1302 4041 „nach

149 4061 202 4116 Art
226 4061 274 4118 der
290 4060 455 4118 Mensoheu“
475 4061 532 4117 und
555 4061 584 4116 in
606 4059 751 4129 moglichst
768 4060 901 4114 humaner
918 4057 1011 4114 Weise
1027 4075 1062 4114 zu
1080 4058 1186 4116 fthren.
1221 4060 1301 4115 Wird

150 4145 220 4202 doch
239 4145 361 4201 dadurch
379 4145 426 4202 der
445 4145 574 4202 Gedanke
591 4149 647 4202 erst
664 4145 742 4200 recht
761 4143 855 4200 scharl
869 4143 1098 4212 hervorgehoban
1117 4145 1181 4202 dass
1200 4145 1301 4213 eigent-

1036 4247 1089 4300 10*
