3138 4872
585 420 618 475 de
635 419 729 474 Babrii
747 424 844 475 aetate.
1231 425 1288 486 161
1308 413 1310 422 ’

136 610 203 658 non
224 587 373 655 induxit?
410 591 511 656 Plane
533 589 622 674 nihil,
645 611 685 656 ne
707 590 741 656 id
758 590 897 676 quidem,
919 599 994 659 ante
1010 599 1157 676 quartum
1171 617 1202 680 p.
1218 596 1291 666 Chr.

137 713 171 759 n.
193 691 367 774 saeculum,
390 710 452 773 quo
475 691 547 758 felis
569 691 745 759 domestica
766 693 906 776 primum
931 696 1088 778 reperitur
1109 697 1143 761 in
1164 699 1292 784 Europa

138 791 258 876 (Hchn.
275 793 296 860 l.
312 813 337 860 s.
353 793 411 876 s),
441 806 513 859 eu'm
543 793 679 876 uixisse,
708 796 857 861 namuel
880 815 918 862 eo
941 800 1083 879 tempore
1107 799 1207 865 multo
1230 803 1291 867 tre·

139 895 323 977 quentiores
354 899 444 962 erant
471 896 628 962 mustelae
657 895 865 962 domesticae:
897 897 936 962 cf.
959 896 1098 963 Palladii
1126 901 1227 966 uerba
1248 903 1291 966 ab

137 995 266 1062 Hebnio
287 1017 318 1080 p.
335 999 396 1060 403
420 995 581 1080 exscripta
595 990 762 1063 ‘mustelas
786 997 906 1064 babent
927 998 1071 1082 plerique
1087 996 1290 1070 mansuetas'.

137 1099 311 1164 Praeterea
338 1103 464 1164 ueteres
491 1095 619 1164 fabulas
640 1097 805 1181 Aesopeas
834 1119 905 1164 cum
933 1099 1081 1166 uersibus
1105 1109 1291 1186 persecutus

115 1193 116 1196 ’
138 1199 182 1266 sit
203 1199 341 1266 Babrius
370 1197 509 1266 hominis
536 1197 670 1264 alicuius
698 1199 831 1266 litterati
860 1201 1049 1268 collectione
1077 1203 1224 1270 adbibita
1249 1228 1315 1251 —·

137 1300 173 1366 id
196 1300 282 1383 quod
302 1300 365 1386 ipsi
387 1298 650 1366 Schneidewinus
665 1300 685 1366 l.
702 1319 726 1366 s.
743 1320 768 1366 s.
786 1321 817 1384 p.
837 1306 874 1364 15
898 1309 930 1366 et
952 1302 1063 1368 Keller
1084 1324 1116 1388 p.
1132 1307 1194 1369 384
1218 1327 1289 1373 con-

138 1401 335 1470 tendunt-
359 1423 400 1468 ex
427 1401 623 1486 argumentis
651 1401 832 1467 fabularum
862 1407 894 1468 et
915 1404 1011 1470 rebus
1034 1407 1290 1476 commemoratis

136 1503 219 1570 nihil
248 1502 394 1571 concludi
420 1508 527 1588 potest
556 1501 597 1567 de
625 1506 837 1568 uetustate
866 1508 981 1587 poetae
1004 1540 1041 1550 —
1065 1527 1181 1592 nempe
1207 1528 1291 1591 quae

137 1606 270 1690 antiqua
297 1605 468 1672 uideantur
496 1623 537 1670 ex
565 1603 702 1688 pristina
729 1604 911 1670 fabularum
939 1605 1041 1670 forma
1065 1609 1212 1692 prosaica
1234 1611 1289 1676 de-

136 1712 286 1792 prompta
308 1725 379 1774 esse
401 1711 534 1790 possunt
556 1724 607 1788 ¹-‚
629 1705 688 1772 sed
710 1703 750 1771 de
772 1705 959 1774 nouitate
981 1707 1094 1792 modo,
1116 1707 1218 1775 sicubi
1240 1731 1288 1776 re-

137 1809 289 1876 centioris
311 1808 427 1875 aetatis
449 1806 588 1891 uestigia
609 1806 851 1891 perspiciuntur.

225 1925 291 1993 Sed
321 1928 401 1994 haec
428 1925 553 1992 leuiora
580 1929 668 1990 sunt:
696 1944 823 1992 summa
854 1922 1078 2010 disputationis
1103 1927 1226 1995 Naberi
1257 1929 1291 1995 in

137 2049 177 2097 eo
200 2036 265 2112 est,
289 2027 375 2111 quod
397 2025 560 2094 contendit
582 2025 733 2091 Babrium
758 2026 863 2112 ipsum
885 2033 1021 2093 metrum
1043 2026 1290 2097 choliambicum

138 2131 253 2198 eodem
282 2151 344 2216 quo
374 2127 624 2214 iambograpboe
652 2127 843 2194 uetustiores
873 2127 968 2195 modo
991 2133 1162 2214 tractasse,
1192 2131 1288 2199 immo

134 2253 197 2299 nec
220 2231 261 2297 de
284 2231 393 2314 quinto
416 2231 500 2314 pede
521 2250 600 2317 puro
624 2229 796 2313 cogitasse:
820 2227 906 2312 quod
928 2229 957 2294 si
971 2249 1082 2297 uerum
1098 2237 1191 2315 esset,
1215 2239 1289 2299 ante

135 2340 277 2401 aetatem
299 2331 567 2414 Alexandrinam,
594 2329 616 2395 i.
640 2352 667 2397 e.
689 2331 818 2397 tertium
839 2353 868 2397 a.
892 2331 966 2398 Chr.
988 2354 1019 2398 n.
1041 2333 1204 2400 saeculum
1226 2334 1288 2399 Ba-

134 2435 244 2502 brium
271 2434 392 2499 uixisse
421 2451 553 2497 necesse
582 2435 676 2495 esset.
721 2431 788 2496 Sed
808 2432 842 2496 in
868 2433 929 2499 hoc
951 2433 1081 2515 quidem
1103 2442 1288 2518 argumento

133 2557 177 2605 ea
205 2537 272 2602 fere
303 2529 514 2599 concludendi
541 2530 644 2596 forma
676 2548 753 2594 usus
782 2536 831 2595 est
856 2531 982 2616 Naber,
1012 2553 1108 2614 quam
1137 2536 1289 2602 circulum

133 2637 289 2706 uitiosum
317 2632 415 2701 hodie
442 2629 539 2712 logici
572 2630 751 2715 appellant:
786 2649 861 2696 nam
889 2637 1016 2716 plot.
1046 2640 1107 2698 404
1136 2636 1290 2704 Babrium

135 2735 349 2824 Hipponactis
378 2740 479 2801 metro
508 2732 672 2818 scripsisse
700 2751 736 2799 se
766 2732 1044 2817 comprobaturum
1073 2753 1143 2800 esse
1166 2736 1243 2802 dicit
1256 2739 1289 2821 ¹),

92 2825 96 2834 ’
136 2838 256 2908 deinde
277 2860 309 2924 p.
325 2841 388 2902 406
410 2840 579 2922 postquam
601 2835 682 2901 nibil
705 2833 925 2918 comprobabit
939 2833 1001 2900 uisi
1016 2835 1130 2917 longae
1146 2836 1289 2919 syllabas

135 2941 251 3008 finales
280 2958 351 3006 esse
379 2938 484 3006 solere
510 2937 544 3004 in
566 2937 688 3020 Athoo‚
715 2925 827 3002 uersus
855 2935 929 3003 illos
948 2929 1024 3019 ‘qui
1052 2941 1178 3004 exstent
1204 2937 1290 3022 apud

136 3042 344 3128 Apollonium
366 3039 567 3124 Sophistam:

645 3141 750 3204 ταῦτα
773 3130 804 3202 δ’
817 3137 1001 3214 ,Αἴσωπος

340 3237 358 3308 ὁ
382 3238 566 3328 Σαρδιηνὸς
589 3235 692 3318 εἶπεν,
715 3231 818 3306 ὅντιν’
846 3239 879 3305 oi
900 3240 1033 3326 Δελφοί

342 3338 466 3431 ᾄδοντα
488 3345 598 3425 μῦθον
622 3333 660 3406 or'r
682 3341 791 3417 καλῶς
814 3339 966 3418 ἐδέξαντο
983 3391 990 3406 .
1008 3391 1041 3406 ..

341 3443 449 3512 ἐ’ωσαν
473 3436 573 3508 αὐτὸν
595 3435 675 3526 μάλ’
703 3434 816 3519 ἀθέως
838 3439 922 3508 κατὰ
944 3445 1088 3530 κρημνοῦ

135 3564 244 3634 iudice
255 3563 511 3647 Schneidewino‚
529 3563 580 3630 cui
590 3560 797 3630 Eberhardus
812 3581 921 3628 aurem
936 3552 1142 3645 praebuerit,
1158 3565 1290 3646 propter

227 3804 249 3866 l)
266 3799 298 3853 P.
308 3803 371 3853 404:
389 3794 485 3854 ‘oritur
502 3797 624 3867 suspicio
641 3797 731 3866 ipsum
748 3795 879 3851 Babrium
897 3809 952 3850 non
968 3796 1025 3848 tam
1042 3793 1121 3848 anxie
1133 3793 1287 3862 diligentem

137 3883 236 3952 fuisse,
255 3883 304 3938 sed
320 3881 404 3938 tuisse
421 3887 530 3953 poetam
547 3881 681 3946 altheum,
706 3879 752 3948 qui
773 3895 866 3936 omnes
882 3877 1109 3944 ischiorrbogicoe
1127 3893 1222 3935 uersus
1241 3881 1289 3936 eli·

137 3967 282 4024 minaberit
303 3967 464 4036 ultimasque
488 3966 607 4038 syllabas
628 3964 787 4034 produxerit
804 3962 1017 4030 accentibusque
1035 3976 1081 4016 eas
1099 3977 1192 4018 curere
1209 3965 1287 4019 uolu-

137 4054 195 4108 erit.
231 4051 275 4106 De
297 4067 330 4108 ea
348 4051 501 4122 suspicione
519 4050 646 4120 deinceps
667 4047 835 4114 uidebimus,
860 4046 982 4117 possitne
999 4045 1103 4102 idoneis
1121 4050 1286 4118 argumentis

137 4132 334 4208 comprobari'.
