3118 4870
284 413 347 472 240
764 407 827 462 0110
846 406 956 460 drusius

284 584 494 651 etiamsinon
516 579 666 646 traditum
687 577 757 646 ueri
779 583 885 644 tamen
908 581 956 642 est
978 575 1100 657 simile,
1130 594 1202 642 cum
1227 579 1292 641 tres
1313 575 1430 641 habue-

284 687 326 752 rit
346 704 462 752 uxores
475 683 513 767 1);
538 698 731 764 quamquam
747 678 843 744 etiam
859 676 900 744 de
914 677 980 743 filio
996 677 1149 761 adoptato
1169 675 1303 759 cogitari
1317 683 1430 760 potest.

285 785 351 855 Sed
379 786 484 852 obstat
509 781 754 850 Schneidewino
775 778 980 846 Lachmanno
1005 774 1193 844 Eberhardo
1218 777 1331 844 ceteris
1353 777 1432 843 iudi-

285 888 374 952 cibus
397 884 482 969 quod
503 881 796 951 Pseudodositheus
819 881 874 962 qni
895 879 1118 962 genealogiam
1140 877 1259 962 Hygini
1283 877 1317 944 in
1338 879 1432 945 inter·

285 971 553 1074 pletamentornm
574 983 637 1050 fine
659 982 703 1067 (p.
721 985 761 1046 65
778 1000 846 1064 sqq.
864 981 915 1065 Β.)
937 980 1076 1066 positam
1098 979 1260 1064 scripserit
1278 974 1432 1044 ‘Maximo

284 1094 319 1155 01
340 1089 427 1172 Apro
451 1076 658 1166 consulibus,
680 1084 700 1147 1.
718 1103 743 1148 e.
766 1101 849 1154 anno
863 1103 895 1166 p.
911 1080 984 1146 (thr.
999 1101 1030 1146 n.
1046 1083 1108 1144 2117
1130 1077 1182 1161 (01.
1199 1080 1233 1146 O.
1249 1082 1274 1146 I.
1289 1080 1324 1144 L.
1340 1082 1399 1163 III,
1415 1084 1432 1142 2

285 1212 316 1274 p.
335 1187 442 1272 1125),
464 1188 496 1252 10
511 1187 649 1272 priorem
664 1183 768 1268 operis
783 1190 908 1266 partem
927 1181 1008 1250 duas
1023 1180 1134 1246 Babrii
1155 1181 1281 1246 fabulas
1304 1181 1432 1265 recepit.

285 1293 329 1356 At
343 1289 475 1354 nimium
490 1287 564 1354 huic
579 1285 760 1352 testimonio
775 1283 924 1350 tribuisse
939 1283 1018 1348 mihi
1039 1280 1195 1348 uidentur.
1233 1281 1317 1360 Quid
1340 1283 1433 1365 enim,

286 1391 315 1456 01
337 1396 435 1474 poeta
454 1388 638 1472 priusquam
661 1387 787 1452 fabulas
813 1386 962 1452 collectas
991 1381 1101 1449 ederet
1126 1383 1280 1468 panculas
1309 1383 1433 1466 aliquas

286 1491 407 1576 publici
421 1490 498 1557 iuris
512 1488 588 1555 fecit
603 1489 654 1554 uel
670 1487 780 1554 amicis
802 1485 978 1571 impertiit?
1012 1486 1077 1550 Aut
1098 1485 1126 1548 si
1142 1485 1433 1552 Pseudodosithens

287 1629 328 1636 -
345 1591 398 1673 qui
413 1591 763 1676 interpretamentorum
780 1587 922 1670 singulas
944 1592 1052 1668 partes
1074 1585 1261 1667 singillatim
1284 1585 1432 1653 diuersis·
1542 1589 1543 1592 ’

287 1713 349 1776 000
364 1692 561 1778 temporibus
576 1689 802 1775 conscripsisse
817 1685 995 1754 censendus
1011 1691 1059 1752 est
1073 1721 1115 1732 -—
1129 1687 1255 1753 fabulas
1268 1687 1343 1754 illas
1366 1689 1434 1754 loco
1542 1691 1543 1744 1

286 1815 370 1860 0000
390 1795 511 1879 priores
533 1791 660 1876 scripsit
681 1795 754 1874 post
776 1787 1012 1872 genealogiam,
1036 1787 1147 1852 sedin
1169 1789 1316 1856 uniuerso
1340 1807 1434 1873 opere
1542 1807 1543 1872 g

288 1893 486 1979 disponendo
499 1899 573 1958 ante
589 1912 661 1958 eam
677 1889 869 1956 collocauit?
897 1887 1097 1969 Quamquam
1113 1888 1238 1954 etiamsi
1252 1890 1433 1973 grammati·
1542 1873 1543 1902 ¹

288 2017 357 2062 oum
380 1996 471 2060 illum
493 1999 567 2059 ante
589 2011 707 2057 annum
730 1995 791 2054 207
817 1989 1006 2073 peruolgata
1034 1988 1144 2070 011000
1172 1989 1352 2056 fabularum
1375 1993 1431 2056 Ba·
1542 2045 1543 2078 ,

288 2092 819 2162 101000100100111000000100000
838 2089 1050 2173 concedimus,
1072 2091 1231 2156 sententia
1245 2099 1354 2158 nostra
1374 2113 1433 2158 non
1542 2097 1543 2112 ¹

289 2193 384 2260 cadit.
418 2193 509 2260 Prior
525 2193 609 2258 enim
626 2190 782 2273 collectio,
804 2191 892 2256 cuius
908 2191 1105 2276 prooemium
1119 2191 1135 2255 I
1150 2189 1276 2257 uidetur
1290 2190 1434 2257 Brancho

288 2295 489 2379 inscriptum,
518 2311 650 2359 necesse
672 2299 721 2358 est
749 2291 857 2358 multis
885 2291 976 2358 annis
1007 2299 1081 2358 ante
1109 2293 1243 2358 alteram
1271 2291 1305 2356 in
1334 2293 1435 2358 lucem
1542 2355 1543 2362 ,

287 2389 442 2482 prodierit
456 2399 586 2479 propter
608 2393 794 2477 imitatores,
819 2393 927 2476 quiin
948 2393 1111 2478 prooemio
1127 2393 1158 2458 II
1180 2392 1245 2458 lilio
1260 2393 1434 2459 Alexandri
1542 2449 1543 2490 ,

289 2495 436 2564 dedicato
452 2501 751 2562 commemorantur:
775 2494 811 2560 cf.
827 2515 858 2579 p.
879 2498 946 2559 153.
981 2496 1049 2560 Iam
1065 2513 1173 2558 omnes
1194 2492 1323 2574 quidem
1339 2495 1433 2560 Bern-

289 2596 446 2682 hardyum
473 2597 501 2662 si
522 2596 685 2682 exceperis
696 2596 721 2679 2)
743 2596 803 2660 uiri
826 2593 911 2660 docti
932 2594 1044 2660 ambas
1067 2594 1172 2661 eidem
1193 2595 1302 2659 iuueni
1323 2597 1435 2661 missas

289 2717 359 2764 0000
388 2698 474 2764 hand
502 2702 684 2763 cunctanter
713 2701 898 2762 statuerunt.
944 2693 1009 2762 Sed
1038 2702 1126 2762 certa
1153 2715 1208 2760 cur
1236 2696 1297 2762 hoc
1327 2697 1435 2762 credas

289 2819 385 2866 00000
400 2819 463 2865 000
478 2799 570 2866 adest
591 2833 633 2843 -
655 2818 729 2863 nam
751 2796 906 2882 prooemii
920 2796 952 2860 Il
974 2815 1085 2862 uersus
1103 2800 1140 2860 16
1164 2795 1198 2861 ἐκ
1214 2795 1367 2885 δευτέρου
1385 2819 1436 2862 0οι

287 2899 384 2986 τήνδε
405 2899 521 2982 βίβλον
545 2891 646 2964 δείδω
677 2898 788 2964 dubito
810 2918 851 2963 an
873 2898 955 2964 uerti
976 2899 1077 2983 possit
1103 2893 1218 2965 ‘altera
1239 2897 1311 2964 nice
1334 2898 1435 2964 hunce
1542 2929 1543 2938 ¹

289 3000 348 3066 tibi
362 3001 480 3066 librum
496 2992 589 3066 cano'
608 2999 766 3083 (Boisson.
791 2997 949 3082 Hartung)
972 3004 1004 3065 01
1019 2999 1171 3084 explicari
1191 2994 1339 3064 ‘alteram
1357 2999 1437 3066 hano

290 3101 511 3168 collectionem
534 3100 593 3168 tibi
615 3091 742 3168 dedico'
769 3135 825 3184 -,
855 3105 966 3166 contra
987 3107 1022 3166 01
1043 3121 1106 3167 000
1128 3099 1240 3167 credas
1270 3120 1344 3166 cum
1375 3102 1437 3167 alia

236 3199 240 3204 ’
258 3193 267 3198 ’
289 3201 435 3285 suadent,
456 3207 523 3266 tum
539 3200 624 3286 quod
639 3200 803 3266 Branchus
817 3221 978 3284 nunquam
994 3223 1108 3268 nomen
1124 3209 1173 3268 est
1187 3201 1326 3267 bominis
1341 3209 1437 3284 atque

290 3302 376 3384 quod
398 3303 575 3368 Alexandri
595 3301 695 3383 filins,
724 3301 778 3382 qui
799 3302 832 3366 in
853 3302 1015 3386 prooemio
1038 3304 1068 3367 Il
1094 3309 1245 3369 tractatur
1274 3311 1436 3386 tamquam

289 3403 463 3489 discipulus
479 3401 651 3471 admodum
666 3403 798 3484 iuuenis,
823 3403 920 3469 editio
939 3405 1025 3488 prior
1047 3425 1118 3470 cum
1142 3405 1341 3470 emitteretur
1362 3425 1435 3490 pue·

782 3523 797 3558 ,
1214 3525 1218 3533 ,

376 3626 399 3686 1)
417 3620 460 3675 Dc
476 3619 631 3675 Alexandro
654 3620 750 3674 marito
775 3634 843 3687 0000
862 3619 946 3673 tradit
963 3619 1133 3688 Lampridius
1151 3624 1198 3684 29,
1216 3624 1240 3676 2.
1259 3625 1308 3686 49,
1325 3625 1340 3676 3
1359 3621 1438 3689 digna

288 3709 352 3760 0001
367 3721 436 3774 0000
448 3707 580 3774 legantur.
607 3705 733 3758 Ceterum
743 3719 797 3758 uua
810 3719 843 3758 ex
856 3704 986 3759 uxoribus
996 3704 1099 3772 (quinto
1112 3704 1217 3773 imperii
1225 3719 1307 3770 anno,
1316 3705 1335 3758 i.
1345 3721 1368 3760 e.
1380 3709 1437 3768 221)
1542 3703 1543 3710 ’

290 3789 417 3844 Sallustia
434 3789 557 3846 Barbia
576 3789 697 3844 Orbiana
714 3788 773 3854 1011,
792 3788 826 3842 cf.
836 3788 949 3842 Eclrhel.
960 3788 1046 3843 doctr.
1054 3789 1216 3844 numvaI
1227 3806 1254 3859 p.
1264 3793 1329 3844 284:
1348 3790 1438 3858 itaque

288 3873 418 3927 hariolari
442 3873 465 3927 si
483 3873 543 3941 quis
561 3873 640 3940 uelit,
665 3872 794 3928 Babrinm
811 3875 853 3938 (=
866 3873 1006 3939 Barbium)
1025 3889 1085 3928 cum
1103 3873 1258 3928 Alexandro
1277 3875 1438 3928 necessitate
1542 3849 1543 3900 l

291 3958 463 4012 coniunctum
479 3955 564 4012 fnisse
581 3958 743 4026 suspicetur.

374 4044 400 4104 2)
419 4040 569 4096 Prudenter
580 4042 655 4118 ⁴dicit
671 4042 744 4096 Hall.
762 4041 815 4094 Lit.
833 4041 947 4110 Zeitnng
967 4045 1030 4096 1845
1054 4057 1079 4110 p.
1099 4045 1161 4096 864:
1180 4037 1196 4094 ‘.
1213 4081 1218 4094 .
1236 4081 1242 4094 .
1259 4041 1345 4096 wobei
1369 4039 1439 4096 doch

288 4125 381 4180 immor
391 4123 433 4178 die
441 4125 530 4192 Frage
544 4125 637 4192 bleibt,
655 4127 690 4180 cb
705 4124 1165 4181 11010οΒ0010110το01110οΡ01000
1174 4125 1333 4194 augceignet
1342 4119 1438 4180 seien’.
