3138 4872
272 403 334 466 186
751 405 814 460 Otto
834 404 945 460 Orusius

271 597 361 644 mens
383 575 619 644 Alexandrinus
642 567 779 642 testatur
800 577 870 643 loco
893 574 1033 642 maxime
1054 575 1256 643 memorabili
1272 575 1427 642 Stromat.

271 680 308 764 V,
326 683 344 744 8
360 685 456 746 extr.:
482 679 537 743 καὶ
559 675 601 744 τά
624 676 718 765 τιαρὰ
738 673 917 760 Ῥωμαίοις
944 675 1001 742 ἐπὶ
1023 679 1089 742 τῶν
1110 680 1312 765 καταθηκυῖν
1333 675 1428 761 γινό-

270 807 353 866 μενα
380 779 475 859 τάξιν
504 779 612 868 εἴληχε
636 779 744 863 (iniis
767 799 849 862 quae
872 779 912 845 de
935 779 1089 864 symbolis
1112 777 1251 862 dixerat)
1273 776 1315 844 τά
1337 776 1426 842 κατὰ

271 882 482 970 δικαιοσύνην
505 879 612 948 ἐκεῖνα
636 879 713 967 ζυγὰ
734 883 791 946 καὶ
814 873 961 968 ἇσσάρια
982 887 1169 968 καρνιισμοί
1191 905 1227 945 τι·
1247 880 1425 965 (mancipa-

270 985 385 1070 tiones)
406 986 462 1050 καὶ
486 983 528 1048 αἱ
557 987 635 1049 τῶν
659 977 770 1048 ι’άτιον
798 980 1069 1066 ἐπιψαύσεις.
1114 981 1156 1048 τά
1178 982 1238 1066 μὲν
1260 980 1338 1069 γάρ,
1367 981 1425 1046 ἵνα

271 1088 409 1164 δικαίως
438 1091 586 1172 γίνηται·
616 1082 658 1149 τὰ
687 1084 723 1149 δὲ
752 1083 800 1162 εἰς
827 1083 885 1151 τὸν
913 1087 972 1172 τῆς
997 1088 1095 1172 τιμῆς
1116 1084 1294 1172 μερισμόν·
1324 1081 1362 1148 τὸ
1387 1075 1421 1147 δ’

270 1181 365 1266 ὅπως
386 1183 403 1253 ὃ
428 1184 628 1274 νιαρατυχών
652 1181 703 1262 ὥς
730 1184 886 1270 βάρους
913 1185 1031 1263 τινὸς
1058 1180 1148 1271 crispi
1171 1183 1424 1268 ἐπιτιθεμέ-

271 1315 339 1357 νου
369 1285 497 1365 ἑστώς
528 1281 682 1374 ἇκούση
712 1290 767 1353 καὶ
789 1287 884 1365 τάξιν
906 1294 1043 1372 μεσίτου
1071 1287 1165 1375 λάβῃ.
1211 1289 1323 1370 Itaque
1346 1289 1424 1370 quin

270 1393 334 1459 huc
355 1393 455 1458 uerba
470 1391 527 1456 illa
543 1388 710 1473 ἔψαυσεν.
726 1442 733 1456 .
748 1441 754 1455 .
769 1388 889 1456 δώσειν
906 1397 1057 1476 spectent,
1082 1390 1153 1473 quis
1168 1391 1269 1456 semel
1284 1391 1423 1457 monitus

270 1493 452 1560 dubitabit?
496 1493 658 1559 Romanus
686 1493 783 1578 igitur
811 1493 886 1576 fuit,
919 1493 974 1574 qui
1001 1493 1083 1558 haec
1111 1491 1238 1576 scripsit
1264 1494 1314 1558 uel
1337 1498 1424 1560 certe

270 1595 348 1662 iuris
362 1595 499 1661 Romani
521 1595 600 1660 satis
621 1595 758 1680 peritus;
781 1616 855 1662 nam
879 1593 968 1679 apud
986 1594 1126 1660 Graecos
1149 1595 1247 1660 moris
1261 1594 1348 1661 illius
1363 1615 1422 1662 nec

270 1698 346 1765 uola
367 1704 473 1764 exstat
494 1717 554 1764 nec
575 1697 745 1780 uestigium
757 1695 792 1781 ¹).
816 1733 818 1740 ·

355 1799 585 1866 Testimonium
613 1819 677 1864 non
705 1797 809 1862 minus
831 1816 929 1881 graue
951 1797 1062 1863 fabula
1089 1802 1147 1863 173
1174 1799 1256 1864 Idbh.
1279 1798 1421 1883 praebet,

271 1921 367 1984 quam
382 1901 492 1967 Babrii
514 1919 585 1966 esse
608 1919 680 1965 cum
694 1897 852 1983 Aurana),
875 1899 993 1983 Ignatii
1014 1899 1167 1983 magistri,
1190 1900 1420 1984 paraphrastes

269 2003 439 2070 Bodleianl
461 2000 553 2083 (148)
575 1999 781 2067 auctoritates
804 2000 991 2068 coniunctae
1013 2008 1080 2067 tum
1096 2003 1188 2068 metri
1203 2001 1419 2084 sermonisque

270 2102 423 2168 Babriani
451 2100 606 2182 reliquiae
635 2099 793 2184 plurimae
803 2098 829 2185 3)
861 2102 1076 2186 comprobant.
1128 2104 1283 2169 Narratur
1310 2103 1342 2168 iu
1373 2122 1419 2186 ea,

271 2205 396 2271 leonem
419 2209 451 2269 et
473 2201 632 2268 hominem
655 2201 748 2268 simul
772 2203 833 2269 iter
854 2202 1008 2270 facientes
1030 2204 1158 2289 cippum
1174 2206 1335 2290 lapideum
1346 2205 1371 2290 ⁴)
1387 2206 1418 2272 in

358 2461 381 2520 t)
399 2455 473 2509 Nihil
490 2455 553 2508 inde
566 2455 746 2522 consequitur,
765 2455 836 2524 quod
848 2455 961 2524 legimus
973 2455 1102 2510 Herodot.
1110 2455 1169 2521 VII,
1181 2459 1225 2511 39:
1246 2447 1274 2508 εὖ
1295 2478 1344 2510 νυν
1356 2454 1416 2510 τόδ’

270 2546 411 2604 ἐπίστασο,
431 2536 513 2593 ὠσίν
532 2545 602 2592 τοῖσι
621 2537 672 2592 uiui
691 2542 749 2593 τῶν
766 2535 932 2613 ἀνθρώπων
949 2541 1029 2593 οἰκέει
1047 2534 1061 2593 ὁ
1076 2539 1165 2607 θυμός
1176 2539 1242 2607 κτλ,
1261 2548 1341 2609 atque
1352 2541 1418 2598 Luc.

270 2626 343 2680 diall.
355 2631 461 2680 meretr.
472 2631 495 2691 a,
509 2629 537 2678 2:
556 2622 668 2694 ἐβόμβει
685 2622 720 2677 τὰ
738 2644 798 2676 ora
815 2620 879 2692 ὑμῖν
896 2629 1042 2688 (nostrumz
1063 2619 1161 2680 ‘haben
1181 2626 1249 2680 euch
1269 2625 1312 2680 die
1330 2625 1418 2680 Ohran

270 2711 347 2765 nicht
363 2707 572 2779 geklungenb‘);
596 2706 637 2762 ἀεὶ
661 2708 712 2780 γὰρ
730 2713 863 2777 ἐμέμνητο
881 2707 951 2774 κτλ,
974 2709 1008 2763 de
1029 2726 1081 2778 quo
1100 2709 1134 2764 of.
1149 2709 1249 2764 Friedl.
1265 2709 1419 2765 Darstell.1

269 2811 295 2865 p.
309 2801 367 2851 aro.

355 2882 380 2944 a)
399 2879 440 2934 Ne
457 2893 512 2933 una
530 2878 636 2946 quidem
655 2879 744 2931 exstat
760 2875 853 2931 fabula
872 2877 945 2946 apud
962 2878 1098 2933 Auianum
1119 2894 1188 2948 quae
1205 2895 1259 2934 non
1277 2879 1369 2934 redeat
1386 2878 1419 2934 ad

271 2965 411 3030 Rubrium,
436 2979 499 3018 narn
517 2967 545 3016 et
561 2963 622 3032 ipsa
640 2961 718 3015 XXX
736 2961 856 3028 (Lachm.
874 2963 955 3017 Babr.
970 2980 997 3032 p.
1012 2963 1061 3028 IX)
1079 2963 1173 3018 Babrii
1188 2969 1219 3018 95
1241 2971 1281 3018 est
1299 2963 1327 3018 in
1344 2964 1419 3033 peius

269 3055 380 3105 mutata.
416 3047 501 3102 Recte
518 3047 624 3101 iudicat
641 3045 759 3108 Teuffel,
777 3052 843 3100 rom.
860 3047 892 3099 L.
913 3047 944 3102 G.
964 3051 980 3114 ᾖ
997 3051 1044 3113 at,
1063 3049 1152 3102 minus
1169 3052 1244 3103 recte
1261 3048 1418 3118 Bernhardy

270 3135 317 3188 Gr.
327 3134 359 3188 L.
371 3133 403 3187 G.
413 3132 493 3202 ll²p.
505 3137 563 3186 tlt.

356 3222 381 3283 3)
399 3218 474 3286 Quae
491 3216 520 3269 in
537 3215 566 3270 c.
584 3215 678 3269 insunt
689 3213 790 3268 Eberh.
811 3215 963 3285 exscripsit;
983 3231 1016 3270 ex
1033 3217 1111 3272 Bodl.
1128 3217 1345 3273 tta-Knoellii
1357 3232 1418 3286 pro·

268 3307 415 3372 grammate
439 3315 519 3368 aegre
543 3299 619 3354 carui
642 3329 676 3338 -
700 3299 829 3354 annotari
852 3299 932 3354 haec:
958 3294 1045 3354 άίὸτνέ
1059 3322 1128 3356 ποτε
1145 3300 1286 3355 λέωνυ-
1305 3301 1357 3356 σὺν
1374 3297 1419 3355 άν-

269 3386 381 3461 θριάπῳ
404 3389 413 3454 ll
434 3390 546 3438 ἕκαστος
563 3381 612 3449 [δὲ]
632 3378 726 3436 atrab
743 3389 798 3436 τοῖς
816 3379 904 3456 λόγοις
922 3387 1076 3452 ίιιαυχιῖιντο
1096 3425 1102 3440 .
1121 3426 1128 3440 .
1147 3409 1169 3450 .;
1197 3383 1281 3454 στήλη
1305 3392 1416 3458 πετρίνη

268 3473 358 3528 uerbis
382 3469 554 3539 transpositis
579 3468 701 3523 clausula
724 3482 819 3523 uersus
842 3468 971 3538 efficitur3
996 3468 1093 3524 λέοντα
1117 3478 1264 3543 aalydem,
1286 3487 1338 3526 scr.
1357 3491 1418 3540 σνμ·

268 3564 405 3630 πνίγσυσα
428 3571 462 3610 ex
485 3554 529 3608 Ga
554 3569 650 3609 uersus
672 3553 784 3607 initium.
820 3549 940 3609 κάκεῖνος
963 3555 1040 3609 εἶπεν
1061 3550 1257 3625 ὑπομειδιάσας
1282 3552 1338 3624 (ὑπ.
1360 3556 1418 3623 stt)

268 3643 353 3698 uerba
371 3643 452 3711 plane
470 3641 606 3696 Bubriana
623 3642 695 3704 sunt,
714 3637 748 3693 cf.
761 3643 816 3706 lat,
827 3643 868 3694 aa.

354 3731 380 3794 l)
397 3726 474 3782 Bodl.
488 3730 549 3780 tta:
568 3730 614 3778 καὶ
631 3721 665 3791 δὴ
682 3725 713 3777 ἐν
729 3726 763 3796 τῇ
781 3718 837 3792 ὁδῷ
855 3715 889 3791 ἦν
906 3721 1004 3798 ἀνδρὸς
1021 3723 1104 3794 στήλη
1119 3733 1235 3799 πετρίνη
1248 3725 1346 3781 λέοντα
1357 3733 1415 3782 τινί-

268 3828 361 3885 pondu,
379 3811 411 3865 F.
426 3811 556 3865 169=H.
568 3816 613 3866 63:
632 3797 710 3882 εὗρον
728 3805 758 3861 δὲ
775 3811 806 3861 ἐν
823 3810 857 3881 τῇ
876 3804 932 3876 ὁδῷ
950 3817 1082 3883 πετρίνην
1100 3808 1202 3879 στήλην
1219 3805 1317 3880 ὁμοίαν
1331 3808 1417 3882 ἀνδρὶ,

269 3899 365 3966 ἑτέραν
382 3893 483 3964 στήλην
501 3894 607 3950 λέοντος
624 3900 840 3967 σνμπνίγουσαντ
859 3895 1024 3965 Byzantinus
1039 3897 1220 3966 paraphrasin
1238 3894 1340 3964 στήλην
1357 3911 1416 3964 pas·

269 3981 335 4037 sinte
352 3997 402 4050 pro
419 3982 480 4050 ipsa
496 3981 610 4052 imagine
629 3981 742 4051 accepit,
761 3979 795 4035 cf.
814 3979 899 4034 Furia
916 3979 977 4034 Aes.
988 3981 1015 4034 ll
1027 3980 1088 4036 adn.
1100 3997 1126 4051 p.
1137 3985 1169 4036 59
1188 3985 1216 4035 et
1232 3979 1320 4035 Rohd.
1339 3979 1416 4034 Rom.

268 4083 294 4136 p.
306 4070 369 4120 545:
389 4065 460 4133 quod
476 4066 558 4136 plane
576 4068 711 4136 singulare
728 4069 778 4120 cst.
806 4064 866 4120 Hoc
884 4064 944 4120 loco
963 4065 996 4120 de
1013 4081 1068 4120 uno
1087 4067 1167 4137 cippo
1186 4065 1333 4135 sepulcrali
1345 4063 1416 4132 cogi·

267 4148 380 4206 tandum
399 4154 549 4204 esserto
566 4154 600 4224 τῇ
619 4148 675 4220 ὁδῷ
694 4153 778 4207 uerba
796 4155 822 4205 et
840 4150 940 4205 Auiani
959 4154 1011 4215 (Ἡ,
1029 4156 1045 4204 4
1063 4150 1137 4206 edita
1154 4167 1215 4207 curn
1233 4151 1310 4219 signo
1321 4191 1327 4203 .
1340 4163 1417 4204 ..se-
