3118 4870
269 424 332 486 208
752 415 816 472 Otto
835 415 946 470 crusina
1041 451 1046 460 ·

271 598 432 663 τοσοῦτον
457 597 653 678 κακουργίας
680 591 736 655 καὶ
767 587 955 676 δεινότητος
984 589 1103 673 περιῆν
1132 577 1217 650 ὥστε
1246 605 1430 671 προσενεγ-

272 693 457 783 antiquaria
479 689 626 781 μηχανὴν
656 690 809 778 διέστησε
830 714 866 755 τε
889 681 976 754 αὐτο)
999 689 1054 752 καὶ
1079 685 1213 775 ἐξέμηνε
1234 679 1306 751 κατ’
1327 677 1430 773 dliq-

274 801 346 865 λοιν
367 799 423 863 καὶ
453 793 671 878 παραδέδωκε
698 794 746 877 τῷ
775 791 882 856 λέοντι
913 789 989 872 ὂίχα
1017 787 1171 876 ἑκάτερον
1200 779 1343 876 εὐτρεπῆ
1371 791 1430 854 καὶ

174 983 178 989 ¹
275 896 409 966 aduodes
431 897 558 985 θήραν·
587 897 686 960 τοῦτο
711 892 772 976 μὲν
801 888 819 979 ν)
848 893 909 957 τοῦ
930 889 1103 956 Αἰσώπου
1131 887 1234 977 κερόώ
1264 889 1333 954 κτλ.
1377 890 1430 954 De

275 1002 372 1068 simili
393 1000 543 1068 Indorum
565 997 692 1077 fabula,
721 995 753 1058 in
776 1014 840 1076 qua
861 994 913 1061 leo
935 999 1044 1059 taurus
1065 990 1174 1077 th0s1)
1196 990 1429 1076 producuntur,

278 1104 343 1187 egit
366 1100 516 1168 Benseius
537 1097 721 1164 Pantsehat.
744 1097 760 1160 Ι
781 1117 812 1180 p.
828 1099 868 1159 93
892 1095 989 1160 etiam
1011 1093 1052 1160 de
1074 1093 1207 1160 Graecis
1232 1097 1318 1158 reete
1346 1090 1428 1157 iudi-

276 1224 353 1270 cans
364 1203 401 1286 2).
436 1201 583 1266 Ceterum
598 1198 732 1266 formam
747 1196 887 1262 Athoam
902 1215 966 1262 non
981 1195 1093 1262 deberi
1116 1193 1346 1276 diasceuastae,
1370 1192 1430 1258 sed

276 1304 394 1370 Babrie
419 1301 482 1386 ipsi
505 1321 576 1367 eum
594 1299 825 1385 paraphrastae
841 1297 1009 1364 Bodleiani
1023 1299 1044 1362 f.
1062 1300 1112 1380 36,
1135 1301 1201 1362 tum
1216 1294 1333 1360 Auiani
1347 1294 1369 1360 f.
1390 1297 1429 1358 18

276 1405 456 1471 testimonio
479 1401 621 1468 efficitur.

360 1505 440 1571 Fab.
457 1509 508 1588 53,
526 1509 606 1567 1-4
628 1502 778 1586 legimns:

429 1602 489 1682 Εἷς
512 1603 608 1670 λύκον
631 1597 773 1689 ἀλώπηξ
794 1600 986 1685 ἐμπεσοῦσα
1010 1600 1138 1688 ὄειλαίιγ

430 1705 564 1793 ζωγρεῖν
587 1702 809 1791 ἐδεῖτο-μηδὲ
830 1705 932 1788 γραῦν
956 1695 1173 1768 ἀποκτείνειν.

429 1806 447 1873 ὃ
472 1800 503 1872 δ’
527 1797 582 1872 ‘da
605 1805 721 1892 λόγους
743 1792 803 1887 μοι
824 1815 913 1889 τρεῖς
936 1796 1120 1891 ἀληθινοὺς
1143 1802 1241 1889 εἴπῃς

431 1906 492 1992 ἐγώ
517 1931 554 1974 σε
577 1907 614 1995 νὴ
637 1905 694 1972 τὸν
717 1896 828 1970 Πᾶνα’
857 1910 941 1991 φησί
960 1897 1156 1992 (ζωγρήσωῖ

278 2012 368 2078 Ηεοε
392 2011 473 2076 bene
495 2029 530 2075 se
552 2009 681 2074 habent.
727 2006 830 2073 Simili
858 2006 1094 2072 rationalium.
1117 2007 1171 2088 111,
1189 2010 1207 2069 5
1228 2034 1272 2058 =
1292 2003 1428 2071 Phaedr.

278 2111 400 2176 Dressl.
416 2129 490 2194 app.
505 2110 545 2191 ΙΙ,
566 2113 603 2174 18
620 2108 673 2192 (ef.
689 2109 824 2176 Mueller
835 2102 890 2172 ‘de
904 2100 1065 2174 Phaedro'
1083 2129 1113 2192 p.
1134 2106 1185 2188 18)
1209 2107 1363 2192 aeeipiter
1384 2108 1428 2172 lu·

280 2211 401 2277 sainiae
422 2231 480 2295 pro
502 2208 600 2294 pullis
621 2210 722 2296 raptis
745 2209 937 2294 supplicanti
960 2229 994 2274 se
1016 2209 1239 2276 obsecuturum
1261 2227 1332 2275 esse
1359 2229 1431 2293 pru-

278 2312 389 2393 mittit,
421 2311 449 2376 si
477 2310 563 2376 bona
590 2331 670 2377 uuae
699 2316 806 2376 cantet
815 2310 849 2394 ³).
894 2308 1006 2395 Λόγοι
1033 2317 1139 2376 autem
1170 2301 1345 2397 ἀληθινοὶ,
1374 2330 1431 2394 pro

281 2413 396 2498 quibus
412 2412 594 2494 aenigmata
608 2412 661 2479 uel
677 2413 758 2478 alias
779 2411 983 2493 quaestiones
1005 2410 1162 2476 soluenda
1184 2411 1432 2497 exspectandis,

280 2536 320 2581 ne
343 2520 375 2582 te
398 2513 576 2596 offendant,
605 2535 679 2580 nam
703 2513 845 2580 celebres
867 2513 993 2580 suntin
1015 2514 1152 2579 fabellis.
1197 2514 1253 2584 Ita¹
1268 2512 1300 2576 in
1324 2512 1433 2578 Gestis

279 2617 370 2683 Rom.
399 2619 455 2680 103
485 2618 643 2682 mereator
666 2608 831 2680 ‘ueritates
853 2607 931 2680 tres³
964 2613 1032 2695 regi
1059 2613 1184 2698 uendit,
1213 2621 1311 2698 atque
1342 2615 1433 2680 Rom.

280 2739 352 2803 app.
376 2721 417 2782 64
443 2722 542 2782 nauta
569 2735 590 2780 a
617 2717 710 2800 lupo,
740 2735 834 2798 quem
863 2713 1112 2800 transportem),
1142 2716 1230 2781 nauli
1259 2716 1331 2782 loeo
1358 2711 1435 2782 ‘tria

281 2810 370 2886 uera’
396 2819 492 2904 petit:
523 2837 655 2900 quorum
680 2837 777 2882 unum
806 2811 988 2900 (benefieat
1011 2817 1065 2898 qui
1087 2817 1170 2884 bene
1191 2808 1300 2900 faeit')
1324 2817 1435 2884 statim

280 2920 336 2986 ille
359 2919 487 3004 profert,
511 2919 645 2984 alterum
667 2913 749 3001 l‘qui
770 2919 816 2984 sie
838 2937 900 2984 non
922 2917 1009 2999 fauit,
1030 2919 1121 3002 peius
1142 2910 1248 3000 faeit’)
1272 2917 1305 2984 in
1326 2919 1434 2985 medio

280 3021 425 3102 flumine3
450 3018 566 3085 deinde
581 3019 708 3085 tertium
722 3025 820 3084 nauta
839 3019 987 3104 exigente
1007 3014 1084 3085 ‘non
1106 3019 1211 3086 habeo
1232 3038 1310 3104 prae
1333 3020 1435 3086 mani-

372 3224 395 3284 1)
412 3219 486 3274 ΤΙιοι
510 3219 539 3271 in
559 3217 660 3272 fabulis
684 3218 811 3272 Indorum
835 3217 970 3274 sollemnis
993 3218 1083 3286 uolpis
1106 3219 1228 3274 Graecae
1246 3222 1288 3273 est
1304 3219 1434 3286 mirariue,

282 3303 742 3372 etBenfey,Panisch.l‚102sqq.
761 3307 788 3357 et
805 3303 897 3358 Keller
913 3319 940 3372 p.
955 3307 1002 3358 337
1016 3319 1073 3372 sqq.
1092 3304 1147 3372 (qui
1164 3304 1198 3358 de
1218 3303 1279 3372 ipsa
1297 3319 1327 3358 re
1345 3304 1435 3358 minus

234 3411 237 3414 ·
282 3397 357 3445 reete
373 3389 478 3444 iudicat
495 3401 574 3455 quam
592 3387 712 3456 Benley).
807 3433 809 3438 .

369 3477 396 3534 2)
410 3471 563 3526 Gonieeerit
577 3471 693 3526 fortasse
704 3471 837 3540 quispiam
850 3487 900 3540 pro
912 3472 999 3526 tauris
1015 3471 1080 3527 olim
1094 3486 1189 3541 aprum
1199 3471 1285 3528 luisse
1295 3477 1323 3528 et
1332 3489 1434 3540 ursum,

282 3560 389 3630 pictura
406 3555 572 3624 Pompeiana
589 3556 644 3610 hue
663 3557 750 3610 relata
766 3555 882 3625 Helbigii
899 3551 1074 3624 ‘Wundgem'
1097 3560 1173 3611 1584:
1198 3549 1283 3612 ‘Eber
1305 3557 1362 3612 und
1380 3558 1436 3612 Ber

282 3645 319 3698 im
336 3639 451 3710 Kampi,
475 3640 564 3695 hinter
586 3639 646 3694 dem
664 3640 762 3696 Falsen
786 3640 830 3694 ein
853 3641 974 3710 grimmig
997 3639 1155 3696 blielrendar
1172 3637 1265 3696 Luwe’
1286 3645 1378 3710 (quam
1399 3642 1436 3696 ad

282 3727 404 3782 fabulam
412 3724 530 3792 aliquam
539 3729 663 3797 spectare
671 3725 726 3778 iam
735 3723 875 3792 Helbigius
885 3724 970 3780 sensit
977 3719 1102 3780 ‘Unters’
1113 3741 1139 3792 p.
1149 3727 1201 3790 93).
1219 3723 1273 3780 Sed
1283 3725 1323 3780 eis
1335 3725 1434 3794 quibus

284 3827 356 3866 nunu
373 3810 502 3866 instructi
518 3825 611 3865 sumus
628 3807 771 3877 praesidiis
789 3809 857 3864 nihil
874 3824 1017 3878 possumus
1035 3809 1151 3864 efficere.

370 3899 396 3960 3)
413 3895 488 3949 Haec
509 3894 537 3947 in
560 3895 715 3949 memoriam
738 3909 789 3948 nos
812 3897 944 3949 reuocant
964 3893 1047 3949 Sileni
1064 3894 1151 3949 uineti
1167 3893 1247 3962 Verg.
1266 3894 1316 3948 ecl.
1330 3894 1369 3950 Vl
1385 3894 1433 3958 (cf.

283 3977 391 4033 Nemes.
402 3979 451 4033 ecl.
462 3978 520 4045 ΙΙΙ),
538 3978 585 4046 qui
602 3977 722 4033 carmine
739 3994 789 4032 suo
807 3983 837 4032 ut
854 3978 978 4033 soluatur
995 3978 1087 4034 efficit.

370 4066 396 4124 4)
413 4061 467 4116 Ριο
484 4062 548 4130 lupo
565 4062 635 4117 bene
652 4063 771 4118 restituit
788 4061 895 4132 uulpem
912 4062 991 4118 Pauli
1008 4058 1141 4132 ‘Schimpf
1160 4079 1186 4116 u.
1204 4059 1303 4116 Erust’
1324 4065 1381 4128 380,
1400 4075 1435 4116 ex

284 4145 393 4201 meliore
410 4144 527 4199 fortasse
544 4145 620 4201 tonte
637 4147 773 4202 hauriens.
