3138 4872
256 415 318 478 142
735 414 798 472 Otto
817 415 930 473 drusius

257 607 340 674 quae
354 587 580 670 Hertubergins
602 587 681 654 dicit
702 587 743 653 de
764 586 938 654 inimicitiis
956 587 1147 671 populorum
1171 585 1344 653 uicinorum
1367 606 1405 654 ea

255 691 335 777 ipsis
357 690 422 757 illis
444 689 578 758 Hesiodi
601 695 633 756 et
655 689 831 756 Stesichori
853 688 1042 757 testimoniis
1063 688 1264 773 refelluntur,
1291 688 1406 769 quibus

256 791 345 860 facili
366 791 494 877 negotio
517 792 582 858 alia
603 789 680 857 addi
697 795 840 877 possunt,
862 791 950 857 uelut
965 791 1051 872 quod
1067 789 1107 857 de
1122 789 1253 857 tibicine
1266 790 1405 856 Arabico

256 894 393 979 legimus
407 893 493 979 apud
509 893 708 979 Stephanum
722 894 854 978 Byzant.
867 911 892 959 s.
905 913 934 959 u.
946 883 1097 978 Ἀραβία,
1113 892 1289 960 Zenobium
1300 892 1341 974 II,
1355 893 1404 973 58,

256 995 459 1081 Apostolium
472 995 529 1079 ΙΙΙ,
546 998 584 1058 71
609 993 679 1076 (qui
701 993 855 1062 Canthari
877 999 909 1062 et
930 993 1096 1061 Menandri
1117 1012 1229 1061 uersus
1251 993 1314 1060 huo
1334 1013 1404 1078 per-

256 1098 393 1164 tinentes
408 1101 631 1163 seruauerunt:
655 1098 694 1162 of.
710 1096 848 1164 Meinek.
865 1117 944 1164 com.
961 1095 1015 1162 Gr.
1030 1096 1071 1180 Il,
1088 1098 1117 1180 2,
1138 1097 1210 1179 835,
1233 1095 1276 1161 IV
1291 1116 1322 1178 p.
1339 1092 1403 1178 80).

256 1198 403 1266 Ceterum
427 1196 488 1263 hac
504 1196 620 1263 'fabula
642 1196 821 1264 confirmari
841 1204 934 1280 putat
955 1197 1095 1264 Branchi
1113 1202 1239 1280 patrem
1263 1197 1404 1263 Alexan·

257 1299 348 1366 drum
363 1299 478 1364 Balam
500 1317 571 1364 csse
593 1297 634 1363 ab
650 1299 811 1366 Arabibus
826 1337 867 1346 —
883 1299 926 1366 ad
948 1319 1028 1384 quos
1049 1317 1147 1383 regno
1163 1298 1315 1383 expulsus
1331 1318 1404 1365 eon-

255 1401 436 1484 fugerat-
452 1399 664 1467 interfectum:
688 1401 774 1482 quod
796 1419 989 1487 quamquam
1011 1400 1099 1467 haud
1120 1399 1215 1485 pauci
1236 1399 1296 1465 uiri
1319 1397 1405 1466 docti

255 1501 472 1588 probauerunt
484 1500 518 1586 ¹),
540 1521 636 1568 unum
653 1506 760 1570 tamen
776 1501 956 1570 Eberhardi
971 1501 1123 1593 iudicium
1141 1522 1200 1586 ego
1216 1501 1326 1586 probo,
1350 1503 1405 1584 qui

256 1601 421 1670 Kellerum
443 1625 474 1688 p.
491 1606 552 1669 399
567 1603 765 1688 ,Ηθηῑὺοτςί
788 1605 980 1671 sententiam
1005 1610 1202 1688 repetentem
1224 1603 1275 1668 his
1297 1603 1404 1670 uerbis

255 1705 390 1772 refutat:
410 1699 529 1772 ‘uerba
556 1706 577 1772 f.
602 1711 651 1790 57,
678 1709 716 1771 12
746 1703 901 1770 ἐντεῦθεν
918 1699 1058 1794 Ἄραβές
1084 1703 1168 1771 εἰσιν
1190 1705 1258 1770 κτλ.
1282 1711 1404 1772 tantum

256 1807 348 1874 abest
369 1813 405 1874 ut
427 1807 596 1890 quiequam
618 1827 676 1892 pro
692 1806 815 1873 Kelleri
837 1807 995 1874 sententia
1017 1805 1157 1874 efficiant
1179 1814 1213 1874 ut
1235 1807 1266 1874 ei
1288 1807 1403 1875 obsint.

255 1909 339 1975 Nam
362 1908 389 1974 si
412 1907 482 1991 quis
503 1909 574 1976 naci
596 1914 662 1975 tam
684 1905 828 1992 perfidae
849 1914 946 1991 atque
960 1909 1062 1975 atroci
1077 1909 1264 1991 interfuerit,
1289 1909 1318 1974 is
1332 1929 1403 1993 pro-

255 2007 338 2075 tecto
366 2028 429 2074 non
458 2014 523 2074 tam
552 2008 678 2076 leuibus
706 2015 847 2076 uteretur
874 2009 982 2077 uerbis
1007 2029 1090 2092 quae
1111 2010 1237 2078 Arabes
1258 2009 1404 2078 nonnisi

255 2108 491 2174 mendaciorum
515 2116 548 2177 et
569 2110 718 2178 fallaciae
740 2102 917 2179 accusant'.

189 2223 191 2229 ’
340 2209 510 2291 Reliquum
532 2218 582 2278 est
595 2232 692 2278 unum
708 2217 928 2294 argumentum
943 2233 974 2298 p.
993 2215 1159 2280 186-189
1175 2214 1283 2280 multis
1298 2213 1404 2281 uerbis

256 2331 457 2398 expressum,
487 2330 549 2393 quo
578 2312 664 2398 apud
686 2331 793 2395 regem
816 2313 1068 2380 Alexandrinum
1090 2314 1242 2381 Babrinm
1263 2315 1403 2381 Alexan-

256 2413 381 2480 drinum
404 2413 522 2480 uixisse
544 2413 773 2497 Hertnbergius
795 2416 942 2500 opinatur
964 2415 1055 2484 effici.
1094 2418 1132 2483 In
1155 2417 1218 2483 fab.
1243 2419 1303 2482 too
1327 2411 1403 2498 (leo,

256 2516 381 2583 bestiae
410 2515 566 2601 hospites,
597 2517 724 2602 uolpes,
755 2515 880 2600 simius)
906 2537 989 2602 quae
1011 2518 1087 2585 insit
1108 2517 1266 2586 sententia
1287 2518 1406 2585 frustra

257 2636 406 2701 quaeres3
430 2617 628 2703 ineptissima
650 2624 699 2686 est
721 2637 803 2700 quae
825 2619 941 2702 legitur
961 2620 994 2685 in
1009 2619 1194 2706 epimythio.
1234 2619 1403 2686 Boissona-

256 2718 327 2786 dius
354 2719 451 2804 igitur
478 2724 569 2805 putat
593 2714 863 2804 ‘intellegendam
892 2739 963 2788 esse
991 2722 1121 2789 fabulae
1151 2721 1338 2806 allegoriam
1361 2720 1402 2788 de

257 2819 451 2888 condicionis
473 2821 598 2888 aulicae
620 2821 724 2905 uitiis;
748 2820 788 2888 de
810 2822 988 2908 principum
1010 2825 1063 2891 uel
1084 2823 1274 2908 optimorum
1296 2821 1422 2906 negle.

255 2923 364 3008 gentia
387 2923 513 3004 quires
535 2921 668 2990 intirmis
690 2922 775 2990 eirca
796 2941 831 2989 se
853 2924 1064 2991 familiaribus
1086 2921 1233 3006 oredant;
1258 2923 1298 2988 de
1315 2929 1403 2989 uete-

254 3025 343 3091 ribus
365 3023 477 3090 amiois
500 3042 633 3105 quorum
655 3025 761 3109 prisca
779 3024 894 3092 merita
908 3026 1056 3093 obscuret
1070 3045 1224 3093 nouorum
1239 3023 1405 3091 hominum

254 3116 462 3210 praesentia'.
512 3123 579 3192 Sed
606 3144 646 3192 ne
674 3126 721 3192 sic
749 3127 879 3208 quidem
907 3127 1017 3194 fabula
1044 3128 1166 3212 placuit
1194 3127 1228 3194 d.
1258 3125 1295 3192 F.
1324 3125 1404 3192 Her-

255 3247 372 3293 manno
394 3227 631 3311 ineptit,
655 3227 710 3309 qui
731 3248 752 3294 a
773 3227 891 3295 Bebrio
913 3263 955 3273 —
978 3229 1066 3295 ouius
1089 3227 1130 3296 de
1151 3229 1280 3316 ingenio
1303 3233 1334 3294 et
1355 3227 1403 3291 in-

256 3327 329 3396 dole
351 3325 629 3413 impeditissimum
652 3335 701 3396 est
722 3327 874 3396 iudicium
889 3365 931 3375 —
946 3331 1073 3398 omnino
1089 3331 1228 3399 alienam
1244 3349 1316 3396 eam
1333 3347 1404 3396 esse

255 3429 334 3498 satis
361 3429 540 3496 inconsulte
569 3429 745 3498 contendit:
780 3451 876 3514 quam
908 3432 1100 3500 sententiam
1132 3432 1229 3499 etiam
1259 3428 1404 3498 Hoehius

255 3537 382 3600 secutus
410 3536 459 3598 est
487 3529 529 3598 de
550 3531 645 3600 Babr.
667 3552 698 3617 p.
723 3536 762 3598 56
773 3532 810 3618 ²).
854 3533 1080 3618 Hertnbergius
1105 3553 1182 3602 uero
1203 3552 1288 3600 noua
1308 3531 1405 3597 inter·

255 3665 350 3732 Cobet)
367 3682 395 3734 p.
406 3669 470 3719 200:
487 3658 530 3717 ὅτι
549 3663 685 3730 Διόνυσος,
704 3671 773 3736 φησί
788 3665 937 3733 (Isidorus),
955 3669 1116 3739 Λυκοῦργον
1128 3672 1173 3720 καὶ
1185 3665 1247 3720 τούς
1258 3666 1405 3733 ἑπομένως

256 3743 331 3816 αὐτῷ
345 3746 463 3821 Ἄραβας
485 3755 693 3822 κατηγωνίσατο
714 3751 780 3816 οἴνῳ
791 3790 797 3802 .
808 3788 815 3804 .
825 3790 832 3804 .
842 3750 1013 3822 καταρράναε
1034 3749 1085 3818 τὴν
1106 3749 1240 3820 πολεμίαν
1257 3745 1404 3818 στρατιάν·

255 3833 284 3895 ἐξ
306 3818 337 3885 οὗ
359 3836 404 3884 καὶ
426 3831 478 3900 τὴν
499 3830 581 3888 πόλιν
603 3831 711 3888 ἐκάλεσε
729 3831 884 3902 Δαμασκόν.
926 3835 1074 3907 Dionysum
1095 3835 1247 3906 opprimere
1271 3834 1406 3890 conantur

254 3917 369 3982 Arabes,
386 3915 457 3972 siout
474 3917 639 3974 Mercurium
656 3919 729 3988 apud
745 3919 882 3974 Babrium.

341 4004 365 4068 l)
382 4001 474 4058 Keller
482 4020 508 4073 p.
517 4007 576 4068 399,
587 4003 790 4060 Gutsohmidius
799 4003 892 4060 Fleok.
902 4003 1017 4061 Jahrbb.
1027 4003 1182 4060 LXXXVII
1191 4020 1220 4074 p.
1231 4007 1289 4070 323,
1307 4002 1404 4058 Maen-

253 4086 341 4144 nelius
358 4085 454 4143 Philol.
462 4087 554 4142 XXIX
569 4104 597 4158 p.
613 4093 667 4154 169,
685 4089 740 4144 ulii.

340 4173 366 4239 2)
382 4169 463 4228 Noua
484 4185 554 4241 quae
570 4171 691 4230 Hochius
714 4173 793 4230 affert
815 4175 989 4243 argumenta,
1012 4189 1061 4229 cur
1085 4172 1231 4230 subdititia
1248 4173 1284 4229 sit
1300 4170 1405 4237 fabula,
