3138 4872
600 418 633 474 de
650 417 743 473 Bshrii
759 422 856 474 aetate.
1236 419 1294 481 141

146 589 404 655 Volksstummes
420 587 627 674 gegrtlndete‚
643 588 790 657 satiriscb
806 589 980 658 ersuudeue
994 591 1134 676 Mytbus,
1150 593 1229 659 rau.
1246 597 1296 660 57.

147 689 267 758 Solehe
281 688 482 758 Neckereieo
505 691 571 757 und
586 681 833 776 Sobmehungen
855 692 914 760 auf
931 692 994 758 den
1009 693 1187 761 Oburuhter
1210 696 1301 763 eines

146 811 272 875 ganuen
294 790 418 857 Volkes
440 791 545 859 baben
567 813 626 858 nur
648 791 691 858 da
712 793 803 860 einen
827 791 905 859 Sinn
932 793 998 859 und
1023 795 1152 861 kbnnen
1173 817 1233 862 nur·
1255 794 1298 861 du

146 894 206 960 auf
224 891 465 976 Anerkennung
491 893 645 979 rechnen‚
674 914 725 962 wo
754 895 873 962 bercits
900 894 1062 961 nationale
1088 895 1298 980 Antipatbien

146 993 323 1076 vorliegeu‚
346 994 408 1062 wie
430 994 478 1060 sie
495 994 563 1062 sich
581 1015 641 1062 nur
654 997 814 1064 zwiscben
836 995 1202 1064 Nachbarvbllreru
1224 1017 1295 1064 uns

146 1088 284 1164 bilden'.
321 1095 451 1180 Mythus
474 1102 581 1164 autem
603 1102 638 1163 nt
659 1098 703 1165 ita
726 1099 831 1166 dicam
853 1099 985 1166 subulae
1005 1098 1092 1165 illius
1114 1135 1156 1145 —
1177 1099 1211 1165 in
1233 1119 1297 1182 qua

146 1199 282 1266 Hermes
305 1196 474 1264 mendacia
495 1198 528 1264 in
550 1198 702 1266 mundum
724 1200 880 1267 inuehens
902 1201 944 1267 ab
960 1200 1120 1266 Arabibns
1142 1201 1297 1286 spoliatur
1385 1245 1389 1254 ·

144 1336 188 1346 -
211 1300 363 1367 aBubrIo
385 1299 455 1385 ipso
478 1298 569 1366 lictus
592 1319 664 1368 esse
685 1320 748 1368 non
769 1301 905 1368 uidetur.
942 1302 1094 1387 Legimus
1109 1302 1193 1368 enim
1210 1301 1296 1387 apud

145 1401 336 1468 Strabonem
358 1420 467 1486 geogr.
481 1401 506 1485 Ι,
519 1405 575 1466 42:
595 1396 750 1477 Ἡσίοδος
766 1395 798 1466 d'
817 1400 851 1468 ἓν
865 1401 1038 1488 καταλόγῳ
1055 1404 1139 1490 φησὶ
1155 1403 1206 1486 (fr.
1219 1407 1238 1466 9
1253 1403 1295 1470 M.

145 1507 187 1568 46
209 1503 287 1588 Fl.)·
307 1498 401 1568 “nat
425 1500 545 1590 κούρην
563 1496 811 1590 Ἀράβοιοῖ),
841 1503 911 1570 τὸν
934 1500 971 1568 ‘E
978 1503 1120 1590 ρμάωκ
1150 1496 1297 1592 άκάκητα

146 1611 177 1669 Γ
182 1610 321 1670 είνατο
344 1605 401 1669 καὶ
425 1608 549 1692 Θροκίη
571 1603 670 1692 κούρη
695 1603 820 1691 Brileto
844 1599 1013 1682 άνακτος.”
1063 1599 1160 1671 Οὕτω
1183 1605 1295 1671 δὲκαὶ

144 1712 347 1794 Στησίχορος
376 1707 463 1791 λέγει
487 1706 618 1790 (Bergk.
640 1707 716 1792 lyrr.
738 1727 769 1790 p.
793 1706 881 1792 991).
929 1704 1080 1785 Εἰκάζειν
1111 1691 1167 1772 οὖν
1195 1705 1294 1788 ἐστίν,

145 1801 198 1874 ὅτι
222 1801 290 1874 άπὸ
314 1806 434 1874 τούτου
448 1809 505 1874 καὶ
519 1802 539 1895 ἡ
552 1809 646 1894 χώρα
657 1801 798 1896 Ἀραβία
813 1803 875 1896 ἤδη
890 1806 967 1874 τότε
984 1800 1188 1891 ὠνομάζετο·
1211 1807 1295 1874 κατὰ

146 1910 181 1975 δὲ
204 1908 281 1986 τοὺς
306 1902 418 1998 ἥρωας
434 1908 541 1996 ,τυχὸν
569 1909 653 1987 ἴσως
682 1905 788 1976 οὔπω.
829 1909 925 1996 Apud
947 1910 1124 1978 Hesiodum
1146 1909 1241 1994 igitur
1264 1918 1297 1978 et

146 2013 363 2080 Stesichorum
379 2013 503 2081 Arabes
525 2013 716 2080 ablercnrio
731 2013 886 2098 originem
902 2011 1035 2080 ducunt:
1059 2011 1169 2092 quoin
1185 2013 1296 2098 mytho

144 2114 282 2180 similem
304 2114 410 2180 inesse
429 2115 620 2181 sententiam
641 2115 866 2202 aetiologicam
888 2121 987 2196 atque
1001 2114 1034 2180 in
1048 2113 1208 2180 Babrianc
1225 2113 1295 2197 (cur

143 2216 270 2282 Arabes
293 2214 355 2280 sint
376 2221 522 2298 ψευσταί
548 2239 584 2280 τε
610 2217 665 2282 καὶ
695 2214 824 2304 γόητες)
850 2236 913 2283 non
935 2215 1070 2300 negabis
1092 2215 1216 2283 collatis
1239 2217 1295 2300 eis,

144 2335 227 2398 quae
243 2316 365 2382 Prcller
386 2314 534 2402 (Mythol.
550 2319 566 2382 1
580 2339 610 2402 p.
627 2321 688 2384 328
703 2317 819 2403 Plew.)
843 2325 875 2384 et
889 2317 1033 2386 Roscher
1053 2311 1213 2400 (Hermes
1237 2317 1295 2384 der

144 2409 326 2500 Windgott’
352 2438 382 2500 p.
398 2421 438 2482 48
454 2416 517 2500 sq.)
543 2419 759 2484 disseruerunt
787 2418 828 2484 de
857 2419 1012 2486 Mercurio
1040 2417 1144 2485 furum
1174 2419 1234 2486 dec
1263 2425 1295 2486 et

143 2517 364 2584 fraudatorum
376 2516 412 2600 2).
456 2518 531 2584 Veri
560 2523 665 2582 autem
695 2538 758 2583 non
786 2518 940 2586 dissimile
962 2525 1012 2585 ert
1035 2519 1139 2604 mythi
1159 2521 1294 2588 formam

145 2618 342 2684 Rubrianum
366 2617 511 2701 quamuis
533 2617 692 2685 ncuicium
714 2637 772 2704 per
783 2618 893 2710 *uarias
914 2620 1104 2686 mutationes
1125 2621 1168 2687 ud
1190 2623 1295 2705 ipsum

147 2720 364 2789 Stesichorum
388 2719 493 2786 redire
514 2739 535 2784 a
557 2719 714 2786 Strabone
742 2719 955 2804 nominatum,
984 2719 1066 2786 sicut
1087 2721 1130 2785 ad
1152 2741 1223 2788 eum
1246 2745 1294 2789 re·

145 2822 244 2889 deant
258 2821 351 2888 Bodl.
365 2821 493 2888 Knoell.
509 2821 573 2888 fab.
590 2825 630 2886 23
654 2827 736 2888 teste
758 2821 886 2888 Oratete
902 2823 1101 2906 Pergameno
1123 2824 1209 2906 apud
1223 2825 1293 2890 Ael.

144 2930 208 2990 nat.
231 2943 283 2987 an.
305 2922 405 3006 XVII,
429 2926 467 2987 37
493 2929 525 2990 et
549 2927 607 2990 117
632 2929 713 2990 teste
735 2923 866 2990 Aristot.
882 2923 961 2990 rhet.
980 2924 1022 3006 Π,
1037 2925 1077 2988 20
1090 2923 1126 3007 ³).
1169 2923 1311 2992 Deindev

232 3147 255 3200 lt
273 3138 394 3211 Ἄραβος
414 3139 468 3194 boc
491 3139 552 3196 loco
571 3151 669 3195 nomen
685 3141 826 3210 proprium
844 3125 935 3194 herois
952 3139 1074 3209 Arabum
1092 3141 1217 3210 eponymi
1234 3155 1295 3197 esse

144 3230 271 3296 apparet;
291 3229 393 3298 eontra¹
404 3224 503 3278 Aesch.
513 3223 588 3279 Pers.
598 3228 647 3279 318
665 3229 710 3276 καὶ
728 3226 821 3296 Μᾶγος
838 3222 951 3294 Ἄραβος
966 3219 1098 3296 Ἀρτάκης
1114 3243 1145 3277 τε
1162 3223 1294 3294 Βάκτριος

143 3309 201 3377 ipse
219 3307 336 3378 populus
348 3307 544 3376 intellegendus
556 3309 664 3364 uidetur
674 3314 787 3380 propter
799 3308 979 3378 symmetriam
992 3314 1165 3378 (quamquam
1176 3309 1293 3364 Meinek.

143 3393 240 3448 iterum
258 3408 308 3461 pro
327 3393 436 3448 nomine
453 3394 563 3463 proprio
581 3395 681 3461 habet).
1267 3451 1270 3458 ,

229 3481 256 3537 21
274 3477 362 3532 Aliter
380 3477 534 3533 Mouersius
551 3477 711 3533 Phoenizier
722 3477 756 3544 II,
768 3481 814 3544 3,t
835 3476 960 3544 (Haudel)
977 3493 1004 3547 p.
1019 3480 1067 3531 nst
1088 3477 1138 3530 sub
1156 3475 1293 3533 Mercurio

142 3560 279 3617 Hesiodea
297 3561 365 3616 Baal
381 3561 557 3616 Phoenicium
579 3563 664 3618 latere
687 3563 841 3632 suspicatus
864 3569 917 3619 est:
943 3561 1013 3632 qnod
1037 3562 1209 3628 concredo,
1232 3578 1293 3617 cum

143 3651 217 3700 certe
235 3661 290 3700 non
302 3646 388 3700 lateat
399 3647 450 3701 sub
463 3646 601 3703 Rubriano
614 3647 720 3702 ratione
737 3643 810 3703 haud
822 3647 944 3702 dissimili
956 3662 1017 3701 eum
1029 3645 1166 3700 Archibus
1179 3661 1292 3703 conexo.

229 3733 256 3795 3)
273 3729 354 3786 Haud
376 3731 433 3787 scio
456 3746 492 3786 an
509 3731 658 3788 Stesichori
678 3734 799 3802 mythum
818 3748 835 3786 a
851 3732 988 3786 Rubriano
1006 3745 1038 3786 eo
1056 3729 1192 3786 diuersum
1209 3731 1293 3789 fuisse

143 3814 202 3882 quis
221 3814 363 3883 coniectet,
382 3816 454 3886 quod
466 3815 620 3872 Mercurius
634 3817 751 3887 posteris
770 3817 827 3873 suis
845 3831 947 3872 merces
964 3816 1025 3870 illas
1042 3810 1207 3884 (ψεύσματα,
1224 3812 1292 3872 ἀπά-

144 3917 203 3964 την,
221 3906 390 3970 πανουργίην
407 3903 510 3968 πᾶσαν)
528 3907 577 3956 out
594 3917 686 3956 omnes
698 3906 746 3955 aut
760 3901 903 3956 maximum
915 3916 1008 3956 earum
1019 3905 1124 3969 partem
1136 3900 1208 3956 ultro
1220 3901 1292 3959 douo

144 3981 259 4048 dederit,
282 3983 354 4038 sieut
374 3985 429 4040 sab.
450 3991 498 4042 163
516 3986 587 4041 Ebh.
605 3983 720 4057 ψεύδους
743 3984 886 4057 φάρμακον
904 3984 1046 4055 opificibus
1063 3984 1177 4056 praebet
1194 3988 1293 4060 (ἐγχεῖ),

144 4067 263 4122 omnium
281 4074 370 4124 autem
387 4071 533 4141 plurimum
551 4070 681 4126 curiatiis.
717 4071 771 4126 Sed
786 4066 824 4123 ‘in
846 4069 965 4124 tenebris
985 4065 1134 4124 micamns’.
1168 4069 1292 4127 ceterum

143 4153 318 4208 memorabile
337 4158 378 4209 est
395 4156 468 4224 quod
484 4154 597 4224 legimus
614 4154 688 4224 apud
705 4155 831 4210 Damasc.
849 4153 897 4209 uit.
916 4153 979 4209 leid.
998 4155 1036 4223 (in
1052 4154 1132 4224 Dicg.
1145 4155 1235 4210 Luert.
1249 4155 1292 4210 ed.

193 4245 310 4298 Leipziger
322 4247 422 4291 Studien.
442 4248 471 4290 11.
1057 4261 1088 4311 10
