3118 4870
306 411 368 472 234
786 411 849 467 Otto
867 411 979 482 Orosius

308 586 348 653 de
363 586 396 651 la
411 583 524 669 sculpt.
541 590 605 650 aut.
622 587 662 647 24
677 603 707 667 p.
727 581 787 667 58).
824 583 861 648 In
881 583 972 648 illum
995 587 1101 648 autem
1120 602 1257 649 errorem
1280 582 1367 651 haud
1388 585 1451 651 scio

307 708 349 754 an
363 693 461 772 poeta
475 685 572 752 etiam
587 684 718 750 fabulae
738 689 774 748 15
798 688 984 767 argumento
1005 682 1154 751 inductus
1172 684 1224 769 sit,
1245 685 1278 750 in
1293 705 1357 768 qna
1371 685 1449 750 'lho-

288 791 408 856 banus
431 787 601 854 Herculem
624 786 748 870 patriae
776 805 853 850 suae
881 785 1010 852 heroem
1039 785 1147 852 nimiis
1175 784 1325 852 laudibus
1354 786 1450 853 effert.

305 890 371 959 Sed
399 890 433 956 in
461 888 555 954 huius
581 887 682 972 ipsius
710 905 837 954 uersum
861 890 879 947 5
908 885 1011 952 simile
1040 886 1152 952 uitium
1175 885 1310 954 Babulus
1338 886 1450 970 intulit,

305 991 489 1060 cumdicit:

457 1091 551 1167 τέλος
574 1082 605 1154 δ’
631 1083 648 1153 ὁ
672 1088 732 1170 μὲν
757 1092 903 1176 Θηβαῖος
926 1085 998 1155 olba
1016 1080 1197 1176 Ἀλκμήνης

454 1196 609 1277 μέγιστον
632 1181 769 1277 ἀνδρῶν,
795 1188 853 1255 σὺν
876 1189 989 1256 δὲκαὶ
1011 1192 1104 1256 θεῶν
1126 1182 1257 1274 ipram)
1279 1225 1321 1235 -

304 1316 378 1361 nam
394 1293 465 1376 quis
480 1294 622 1360 Graecus
637 1291 785 1374 antiquus
800 1327 842 1338 -
860 1293 986 1361 etiamsi
1000 1292 1175 1360 Thebanus
1197 1296 1246 1360 est
1268 1311 1339 1358 cum
1355 1290 1448 1358 Athe-

303 1397 407 1463 niensi
430 1395 470 1461 de
492 1395 623 1460 heroum
645 1393 761 1460 uirtute
784 1399 909 1460 certans
932 1430 973 1441 -
996 1393 1166 1461 Herculem
1193 1394 1325 1460 deorum
1353 1392 1449 1460 mani-

304 1519 390 1564 mum
412 1495 596 1578 nominabit,
620 1495 774 1562 maiorem
795 1494 917 1562 scilicet
940 1513 1036 1576 quam
1057 1497 1168 1561 Iouem
1189 1496 1337 1580 patrem?

390 1599 482 1666 Certe
497 1599 578 1665 haec
593 1597 701 1664 omnia
723 1596 886 1681 scriptoris
907 1600 980 1662 sunt
1001 1596 1034 1662 in
1055 1616 1132 1662 uera
1154 1596 1343 1678 antiquitate
1365 1616 1448 1680 pere·

302 1701 393 1786 grini.
434 1699 499 1767 Sed
522 1698 596 1766 aliis
618 1697 745 1764 iudiciis
767 1716 870 1764 nouae
892 1697 1009 1763 aetatis
1029 1697 1192 1783 ingenium
1213 1699 1287 1782 plus
1308 1698 1449 1764 minusue

302 1805 398 1889 plane
419 1805 555 1868 notatur.
595 1799 670 1865 Sine
692 1798 809 1864 idonea
831 1796 961 1882 quidem
984 1819 1082 1866 causa
1103 1799 1136 1866 in
1150 1802 1227 1867 Ioue
1248 1799 1380 1866 fabulae
1403 1801 1447 1881 66,

303 1905 357 1987 qui
372 1925 435 1971 uno
451 1902 553 1987 gradu
569 1900 611 1965 ab
627 1897 765 1983 Olympo
781 1898 871 1964 uadit
885 1899 928 1965 ad
944 1901 1090 1967 ultimum
1112 1902 1221 1968 mundi
1243 1900 1348 1982 finem,
1372 1900 1447 1966 Har-

301 2005 429 2088 tungius
444 2025 473 2089 p.
491 2008 527 2066 11
542 2001 734 2067 Iudaeorum
749 1999 901 2068 Iehouam
922 2003 1053 2086 agnouit
1063 2002 1106 2086 ²);
1129 2023 1204 2071 uam
1219 2003 1247 2069 si
1262 2000 1340 2084 quid
1355 2001 1448 2068 alieni

300 2107 357 2172 ille
379 2105 477 2170 habet
498 2103 597 2168 multo
619 2101 733 2169 melius
756 2103 799 2168 ad
820 2101 1030 2187 Orphicorum
1051 2107 1121 2168 Δία
1142 2105 1242 2170 Πᾶνα
1263 2103 1446 2188 prouocabi-

302 2225 382 2288 mus,
405 2204 445 2271 de
469 2222 531 2285 quo
554 2201 651 2286 Orph.
676 2203 783 2287 hymn.
806 2203 841 2270 fr.
866 2208 916 2286 28,
933 2207 972 2268 36
988 2225 1050 2286 squ

569 2308 727 2391 πτέρυγες
751 2303 786 2369 δὲ
809 2305 842 2370 οἱ
867 2303 1044 2391 ἐξεφύοντο

365 2409 423 2492 τῇς
447 2403 504 2470 ἐπὶ
526 2403 640 2470 πάντα
663 2397 806 2471 ποτᾶθ’·
832 2404 901 2494 ἱερὴ
926 2406 962 2471 δέ
985 2407 1017 2472 οἱ
1040 2405 1159 2472 ἐ’πλετο
1183 2404 1280 2493 νηδὺς

364 2505 443 2593 γαῖά
465 2531 501 2572 τε
523 2505 713 2594 παμμήτωρ
736 2500 840 2594 ὀρέων
863 2500 894 2572 τ’
922 2505 1059 2574 αἰπεινὰ
1080 2506 1206 2596 κάρηνα

364 2613 468 2697 μέσση
493 2607 529 2674 δὲ
552 2606 634 2695 ζώνη
656 2613 838 2697 βαροηχέος
860 2604 961 2692 οἶδμα
983 2606 1160 2696 θαλάσσης

363 2712 418 2776 καὶ
441 2708 580 2776 πόντον·
604 2709 739 2798 πυμάτη
764 2710 800 2776 δὲ
820 2709 921 2795 βάσις
939 2708 1065 2792 χθονὸς
1087 2709 1206 2776 ἔνδοθι
1227 2709 1316 2798 ῥίζαι
1338 2711 1404 2776 κτλ.

388 2882 411 2941 1)
429 2877 455 2929 A
477 2875 585 2932 exhibet
607 2879 658 2930 νῦν
682 2875 712 2930 δὲ
734 2883 779 2930 καὶ
803 2876 873 2931 θεὸν
889 2873 929 2942 v‘.;
954 2878 1120 2934 correctione
1142 2883 1217 2932 certa
1234 2877 1324 2933 Minas
1342 2877 1447 2948 scripsit

300 2962 388 3025 θεῶν,
405 2961 434 3014 in
452 2975 505 3029 quo
523 2963 719 3030 acquieucrunt
735 2963 859 3017 Boisson.
877 2963 987 3017 Lachm.
1008 2962 1174 3017 Schneider.
1211 2961 1264 3016 Sed
1286 2963 1378 3032 inepte
1399 2963 1446 3016 νῦν

300 3063 360 3102 cum
378 3045 525 3114 praeterito
544 3046 717 3114 coniungitur
735 3041 840 3115 (ὕμνει).
868 3049 982 3115 Egregie
1001 3047 1083 3116 igitur
1099 3046 1221 3120 Hercher
1238 3045 1289 3100 σὺν
1306 3045 1445 3116 proposuit

298 3128 460 3184 Eberhardo
478 3131 630 3198 probatum,
650 3131 721 3200 quod
739 3146 812 3185 nunc
831 3131 1005 3186 confirmatur
1014 3130 1140 3185 Vaticani
1158 3135 1183 3196 9,
1198 3136 1213 3185 9
1231 3131 1346 3196 (Knoell.
1359 3132 1376 3184 1.
1391 3147 1410 3185 s.
1424 3148 1444 3185 s.

298 3231 325 3284 p.
336 3218 396 3278 685)
412 3211 597 3281 χαλασθείσης
610 3222 620 3284 ΙΙ
632 3211 735 3286 ῥάβδον
751 3220 868 3283 μέτωπα
887 3212 948 3269 σῦν
965 3236 1001 3268 τε
1020 3217 1095 3287 ῥῖνας
1113 3211 1222 3287 ἐπλήγη.
1252 3214 1354 3270 Nuberi
1371 3217 1401 3268 ἐν
1418 3212 1445 3267 δὲ

299 3303 345 3351 καὶ
362 3297 440 3350 θεῶν
460 3313 683 3354 commemorasse
701 3299 766 3354 satis
784 3300 880 3356 habeo.

385 3386 410 3446 2)
429 3381 524 3436 Omnia
542 3383 599 3437 fere
611 3398 680 3451 quae
692 3382 858 3453 Hartungius
872 3401 897 3453 p.
912 3389 941 3438 11
953 3385 1067 3454 protulit
1082 3389 1242 3453 argumenta
1259 3382 1356 3438 similia
1372 3383 1445 3436 miris

300 3466 438 3522 erroribus
450 3466 587 3522 nituntur:
605 3467 714 3523 fabulae
730 3473 758 3522 10
771 3483 885 3523 acumen
896 3484 952 3523 non
962 3469 1100 3539 perspexit
1113 3468 1157 3530 tcf.
1167 3485 1193 3537 p.
1204 3471 1248 3534 63)
1258 3499 1288 3507 -
1300 3467 1367 3522 dicit
1378 3466 1445 3522 enim

297 3553 407 3609 Venus:
426 3552 523 3606 marito
541 3555 589 3606 tuo
608 3553 711 3608 irascor
728 3553 841 3621 ideoque
859 3552 913 3608 feci
924 3559 956 3608 ut
966 3554 1082 3623 pulchra
1093 3553 1119 3607 ei
1130 3551 1261 3607 uidereris
1275 3570 1320 3618 —3
1338 3551 1444 3606 fabulae

201 3645 205 3650 '
301 3643 347 3692 tt't
367 3636 528 3692 sententiam
545 3637 673 3706 supponit
691 3651 761 3705 quae
778 3652 833 3691 non
848 3636 920 3692 inest
936 3667 969 3677 —
988 3637 1022 3692 cl.
1037 3638 1137 3693 Aesch.
1152 3637 1228 3706 Sept.
1245 3641 1294 3690 6111
1313 3636 1442 3690 et·Plant.

298 3721 368 3777 Rud.
383 3726 432 3777 305
451 3741 495 3790 ——3
514 3720 568 3777 fab.
585 3725 626 3787 66,
644 3726 652 3774 l
675 3722 754 3774 Θεῶν
771 3719 936 3793 Προμηθεὺς
953 3710 986 3787 ἦν
1004 3739 1059 3789 τις,
1082 3717 1150 3775 ἀλλὰ
1166 3722 1226 3775 τῶν
1244 3717 1367 3792 πρώτων
1385 3735 1444 3774 cum

297 3821 352 3861 non
369 3805 546 3861 intellexisset
563 3835 595 3845 -
614 3805 646 3860 θ.
662 3825 688 3859 τ.
706 3825 752 3878 πρ.
770 3806 949 3861 Prometheus
967 3806 1072 3871 dicitur,
1091 3806 1154 3874 quia
1171 3821 1242 3860 nnus
1260 3811 1302 3859 est
1319 3821 1354 3860 ex
1371 3804 1444 3858 Tita-

297 3890 378 3946 nibus
396 3891 430 3945 ab
448 3890 513 3945 Ioue
531 3890 625 3959 pulsis,
643 3906 707 3944 nam
723 3906 813 3946 merus
832 3907 907 3946 error
924 3891 1032 3946 uidetur
1045 3889 1186 3945 Bodleiani
1203 3891 1318 3962 πρῶτον
1335 3883 1444 3959 ἅνθρω-

297 3993 352 4028 πον
370 3971 500 4029 πλάττων
517 3974 654 4044 scriptura
665 4005 698 4015 -—
714 3971 775 4028 ἀλλ’
786 3971 817 4028 οὐ
835 3975 896 4028 τῶν
913 3970 1035 4047 πρώτων
1052 3975 1162 4043 scripsit
1175 3980 1270 4029 contra
1282 3973 1362 4028 metri
1372 3973 1443 4040 loges

296 4059 364 4113 haec
388 4059 501 4114 addens:
520 4055 585 4114 ‘und
602 4060 651 4116 uie
675 4061 784 4116 seltsam
802 4059 895 4113 nimmt
912 4059 971 4114 sich
989 4058 1030 4114 ott
1047 4059 1117 4114 auch
1135 4059 1209 4114 diese
1227 4056 1445 4123 Ueberlielernng
1538 4075 1539 4128 3

296 4143 325 4198 in
338 4143 398 4198 dem
410 4143 512 4198 Mundo
524 4145 612 4199 dieses
621 4144 747 4200 Dichters
759 4159 809 4198 aus
821 4159 898 4199 wenn
910 4159 939 4198 er
951 4144 990 4199 sie
1002 4143 1181 4212 wieder-gicht,
1193 4161 1216 4198 n.
1226 4143 1258 4198 Β.
1269 4141 1338 4197 Fab.
1348 4146 1381 4196 66
1392 4180 1398 4194 .
1410 4181 1416 4192 .
1428 4131 1442 4193 .’
