3118 4870
772 419 835 474 Otto
854 419 966 476 Crusius

596 589 704 655 ...οἱ
728 589 764 654 δὲ
788 593 895 677 ψᾶρες
918 586 952 654 ἐκ
976 593 1155 678 σννηθείης

468 685 585 779 ἢκουον
609 689 638 756 εἰ
660 689 719 778 τὴν
742 689 925 778 σφενδόνην
948 683 1028 756 ποτ’
1053 683 1166 780 ᾐτήκει
1188 691 1255 758 κτλ.

292 798 325 860 et
349 798 387 858 15
403 813 466 876 sq.:

467 893 500 959 οἱ
522 896 630 978 ψᾶρες
653 880 759 980 ἦλθον
780 885 959 976 κᾶνέμοντο
982 890 1042 980 τὴν
1061 891 1181 982 χώρην.

466 992 484 1059 ὃ
509 986 540 1058 δ’
568 989 669 1082 ἄρτον
691 989 772 1081 ᾔτει,
794 993 954 1081 καθάπερ
977 989 1043 1076 εἶχε
1066 994 1223 1082 συνθήκη.

467 1098 500 1160 οἳ
523 1088 554 1160 δ’
582 1089 639 1160 οὐκ
662 1094 800 1183 ἔφευγον
822 1097 888 1161 κτλ.

293 1199 412 1266 Contra
441 1197 474 1263 in
505 1197 651 1263 uersibus
680 1199 815 1281 ultimis,
851 1199 892 1265 de
922 1196 1036 1280 quibus
1069 1197 1194 1265 dubitat
1227 1198 1443 1284 Eberhardus,

293 1301 440 1385 graculus
469 1299 582 1364 iterum
606 1299 805 1384 producitur,
835 1305 870 1366 ut
895 1300 1066 1384 gruibus
1093 1299 1331 1367 occurrentibus
1354 1323 1442 1384 prae-

294 1407 420 1485 ceptum
450 1399 506 1466 det
532 1400 643 1466 fabula
673 1421 870 1484 expressum.
921 1400 1092 1468 Pristinam
1124 1401 1157 1465 ni
1184 1401 1280 1467 fallor
1309 1401 1444 1469 formam

292 1501 458 1570 Phaedrus
488 1503 620 1570 exbibet
648 1503 772 1570 Romul.
801 1523 875 1586 app.
899 1507 918 1567 6
943 1531 986 1554 =
1009 1501 1113 1568 Burm.
1137 1523 1210 1586 app.
1237 1507 1269 1566 ll
1283 1551 1291 1586 ,
1321 1505 1442 1571 Dressl.

293 1625 367 1688 app.
384 1604 425 1688 ll,
445 1608 497 1669 10:
518 1599 615 1671 ‘Grus
639 1611 671 1670 et
693 1606 801 1672 cornix
823 1605 906 1670 inter
927 1607 964 1670 'se
986 1603 1202 1671 coniuratione
1228 1603 1317 1670 unita
1339 1603 1442 1671 firma·

293 1710 416 1788 uerunt,
439 1709 474 1772 ut
495 1725 571 1790 grus
594 1706 750 1773 cornicem
774 1705 815 1770 ab
838 1705 912 1771 aliis
934 1705 1048 1772 auibus
1076 1705 1257 1771 defensaret
1279 1714 1312 1772 et
1334 1707 1441 1773 cornix

292 1809 341 1874 illi
363 1807 469 1873 sutura
490 1807 708 1890 praeuidendo
731 1811 883 1872 narraret.
929 1805 1019 1885 Quae
1045 1807 1119 1873 dum
1143 1806 1185 1873 ad
1207 1827 1318 1890 agrum
1342 1807 1441 1873 euius-

294 1909 369 1974 dam
384 1908 511 1993 saepius
529 1907 718 1976 aduenirent
740 1913 772 1974 et
793 1928 894 1991 grana
916 1928 999 1992 quae
1022 1908 1097 1974 olim
1120 1913 1191 1974 sata
1214 1908 1337 1974 fuerant
1359 1910 1440 1974 radi·

295 2010 376 2075 citus
399 2009 589 2092 euellercnt,
616 2007 728 2075 uidens
750 2009 897 2076 dominus
920 2009 990 2092 agri
1012 2008 1113 2075 doluit
1135 2014 1168 2074 et
1189 2008 1235 2073 ait
1256 2027 1370 2092 puero:
1402 2008 1441 2076 da

293 2109 373 2174 mibi
395 2114 528 2192 petram.
573 2110 695 2176 Monuit
716 2129 826 2193 gruem
849 2117 882 2177 ct
903 2116 996 2177 caute
1018 2129 1053 2176 se
1078 2116 1219 2193 egerunt.
1264 2109 1339 2176 Alia
1368 2131 1440 2176 uero
1543 2121 1544 2146 ³

295 2209 348 2276 die
364 2209 497 2276 audiens
513 2211 632 2295 cornix,
656 2213 741 2293 quod
762 2217 886 2296 petram
909 2218 1085 2295 quaereret,
1109 2211 1302 2279 commonuit
1322 2232 1440 2296 gruem,

294 2332 334 2378 nc
358 2310 436 2378 mali
458 2310 581 2394 aliquid
603 2319 774 2398 pateretur.
818 2313 991 2398 Perpendit
1012 2312 1107 2378 homo
1130 2312 1201 2397 ille,
1227 2313 1312 2395 quod
1333 2313 1441 2380 cornix

295 2412 453 2480 diuinaret
467 2411 532 2499 <et>
553 2413 630 2481 dicit
651 2434 764 2498 puero:
788 2415 915 2499 quando
935 2413 1055 2498 dixero,
1078 2415 1121 2480 da
1142 2413 1221 2480 mibi
1243 2414 1349 2498 offam,
1373 2436 1441 2500 por·

293 2517 362 2601 rige
385 2515 535 2599 lapidem.
569 2517 629 2582 Ille
644 2519 775 2584 ueniens
799 2517 881 2583 dixit
902 2535 1009 2601 puero,
1033 2522 1067 2581 ut
1090 2515 1181 2582 daret
1203 2515 1310 2601 offam,
1333 2517 1440 2583 atille

293 2617 436 2704 porrexit
450 2617 601 2702 lapidem,
625 2619 679 2702 qui
694 2638 804 2702 gruem
819 2617 976 2702 percussit
991 2621 1024 2683 et
1038 2637 1130 2683 crura
1145 2617 1213 2684 eins
1228 2618 1331 2703 fregit.
1368 2618 1439 2684 Vul-

293 2723 423 2785 neratus
444 2739 520 2802 grus
543 2719 625 2786 dixit
647 2719 779 2786 cornici:
809 2717 864 2785 ubi
886 2725 959 2784 sunt
981 2717 1092 2784 diuina
1116 2718 1260 2803 auspicia
1287 2726 1359 2804 tua,
1389 2740 1440 2786 cnr

293 2840 421 2887 menon
437 2821 597 2904 monuisti,
622 2821 697 2903 quia
712 2819 791 2885 mihi
813 2819 920 2886 taliter
942 2819 1052 2886 babuit
1074 2820 1264 2906 prouenire?
1299 2821 1439 2905 Respon-

293 2920 356 2988 dit:
380 2941 452 2987 mea
474 2923 525 2988 hic
547 2922 760 3009 intelligentia
777 2921 946 3006 culpabilis
968 2941 1031 2988 non
1053 2927 1111 3005 est,
1134 2921 1192 2989 sed
1214 2922 1354 2989 omnium
1377 2942 1438 2989 ma·

292 3025 395 3091 lorum
412 3027 485 3088 sant
507 3020 621 3088 dolosa
642 3022 783 3106 consilia,
807 3022 861 3104 qui
883 3022 973 3088 aliud
996 3022 1104 3089 dicunt
1126 3030 1158 3090 et
1180 3022 1269 3090 aliud
1291 3017 1437 3110 agunt.'¹)

294 3124 387 3190 Certe
409 3124 470 3189 hae
492 3122 525 3187 in
547 3123 658 3189 fabula
679 3159 720 3168 -
744 3142 826 3204 quae
841 3123 1005 3190 simillima
1020 3131 1068 3190 est
1082 3126 1200 3192 ueteris
1214 3125 1301 3192 illius
1324 3126 1364 3191 H.
1380 3128 1437 3190 312

294 3225 335 3292 de
357 3225 482 3293 cornice
504 3223 617 3309 uate2)
640 3260 681 3270 —
704 3224 785 3291 sicut
807 3224 840 3289 in
862 3225 945 3292 bono
961 3224 1104 3293 dramate
1119 3227 1198 3294 nihil
1214 3233 1263 3296 est
1278 3227 1364 3309 quod
1378 3247 1438 3292 non

292 3327 334 3395 sit
355 3325 587 3410 necessarium,
616 3345 772 3408 personae
794 3327 939 3410 singulae
961 3327 1002 3392 ab
1030 3328 1119 3394 initio
1147 3349 1248 3412 usque
1277 3327 1437 3396 adfinem

293 3435 408 3514 agunt,
436 3426 543 3494 omnia
564 3427 718 3493 concinna
743 3433 815 3494 sunt
843 3435 874 3494 et
903 3429 1136 3511 consequentia.
1181 3431 1318 3498 Babrius
1346 3431 1438 3516 igitur

294 3530 462 3616 exemplar
491 3535 671 3612 corruptum
701 3527 886 3595 adhibuisse
915 3529 1056 3613 uidetur,
1089 3531 1121 3595 in
1150 3550 1214 3612 qua
1242 3533 1438 3615 graculorum

293 3634 345 3700 uel
368 3630 501 3699 cornicis
523 3634 631 3715 partes
654 3627 839 3702 exciderant
860 3630 913 3696 uel
935 3638 1021 3699 certe
1050 3633 1216 3699 mutilatae
1244 3639 1349 3699 erant:
1379 3651 1438 3715 qno

381 3820 405 3882 1)
423 3815 512 3870 Satius
530 3813 614 3870 habui
631 3813 748 3869 barbara
765 3814 882 3868 retinere
899 3813 1018 3883 integra,
1043 3830 1123 3884 quam
1140 3816 1322 3872 audacissima
1340 3831 1437 3886 suppo·

292 3915 357 3964 nere
375 3901 526 3956 commenta
542 3897 678 3953 hominum
700 3898 847 3954 doctorum.

379 3989 405 4050 ν)
423 3983 466 4037 Ad
488 3982 623 4052 exemplar
646 3983 703 4038 eiua
720 3983 786 4039 fieta
802 3983 911 4038 uidetur
927 3983 1022 4038 fabula
1039 3984 1119 4039 medii
1138 3985 1162 4040 si
1180 3990 1254 4040 recte
1271 3985 1363 4042 iudico
1380 3983 1439 4040 aeni

293 4067 371 4123 Rom.
394 4081 455 4136 app.
477 4071 510 4123 66
533 4061 675 4136 ‘quomodo
698 4082 821 4137 passeres
847 4083 864 4122 a
890 4067 1093 4125 trituratoribus
1120 4066 1305 4136 occiduntnr’,
1331 4070 1361 4124 in
1387 4081 1438 4137 qua

294 4151 371 4208 corui
387 4151 478 4206 locum
494 4150 610 4206 hirundo
629 4151 726 4221 explet.
