3118 4870
568 421 661 480 Gioero
679 437 729 492 pro
748 423 859 488 Scauro.
1227 421 1285 484 261

139 595 226 664 unde
247 596 409 679 ingentem
432 595 570 662 ambitus
592 593 759 680 peouniam
781 593 931 678 sumpsit,
957 593 1019 659 nisi
1039 613 1097 678 per
1118 593 1183 660 uim
1206 596 1290 682 oepit

139 717 160 764 a
182 695 295 764 Sardis
317 703 414 781 atque
436 695 590 763 abstulit?
1151 707 1153 712 ·

228 797 294 866 Sed
321 804 449 884 praeter
476 797 631 883 pecunias
659 795 786 863 uidetur
814 794 912 862 etiam
940 795 1073 863 nimium
1098 797 1289 866 frumentum

142 899 253 968 Sardis
276 899 461 984 imperasse.
500 898 593 979 Quod
608 897 726 965 crimen
741 895 965 982 grauissimum
985 897 1082 965 fuisse
1100 900 1228 984 saepius
1243 900 1288 966 in·

141 1001 309 1085 dioatur1).
346 1001 416 1081 Quo
438 1001 558 1068 faotum
581 1005 638 1083 est,
661 1007 757 1066 utne
779 999 849 1084 ipse
872 999 1002 1082 quidem
1020 1021 1093 1068 reus
1107 1001 1290 1086 integritate

140 1123 201 1170 sua
222 1102 466 1184 innocentisque
489 1100 679 1184 oonfideret,
705 1099 763 1168 sed
785 1121 941 1168 summam
963 1101 1113 1170 dduoiam
1135 1104 1169 1170 in
1189 1103 1289 1188 patris

139 1203 330 1288 memoriai)
353 1205 438 1270 etin
460 1203 608 1270 ludorum
629 1221 758 1269 suorum
780 1202 936 1270 beneficio
947 1202 973 1287 3)
1003 1205 1089 1270 etin
1112 1207 1290 1290 propinqua

141 1327 212 1374 oum
236 1305 327 1373 Sulla
336 1304 363 1390 ⁴)
385 1311 417 1371 et
438 1304 593 1389 Pompeio
605 1304 631 1388 ⁵)
654 1303 811 1370 affinitate
833 1313 964 1389 poneret
985 1306 1119 1391 sibique,
1146 1307 1181 1374 id
1204 1308 1290 1391 quod

140 1407 185 1474 ad
206 1407 241 1475 id
263 1413 389 1492 tempus
410 1427 483 1474 raro
501 1406 671 1488 aooiderat,
694 1423 753 1471 sex
766 1411 918 1490 patronos
933 1407 1150 1492 aseisoereti).
1167 1447 1208 1456 -
1224 1410 1291 1477 Sed

141 1531 217 1577 num
247 1528 281 1576 re
309 1528 386 1574 uera
409 1507 564 1590 Soaurus,
593 1513 628 1572 ut
653 1512 819 1574 aoousator
840 1507 976 1592 probare
999 1509 1134 1593 studuit,
1163 1511 1291 1578 Bostari

140 1630 299 1683 uenenum
328 1609 454 1676 dederit
479 1626 678 1690 uxoremque
700 1609 807 1674 Arinis
833 1609 986 1694 coegerit,
1016 1617 1051 1678 ut
1072 1618 1206 1677 mortem
1229 1612 1291 1679 sibi

141 1711 368 1793 oonsoisoeret,
397 1717 569 1795 propterea
597 1707 765 1776 diiudicari
793 1710 919 1795 nequit,
948 1710 1033 1792 quod
1064 1710 1104 1778 de
1127 1713 1173 1778 eis
1195 1713 1290 1780 rebus

140 1813 240 1881 solius
264 1811 425 1880 Ciceronis
454 1810 579 1896 patroni
608 1811 708 1877 uerba
736 1810 907 1896 habemus,
936 1812 1184 1898 repetundarum
1214 1835 1289 1882 uero

140 1914 272 1982 erimine
294 1914 362 1980 sine
385 1912 482 1979 dubio
508 1913 685 1978 tenebatur.

225 2017 269 2081 At
291 2015 438 2096 quamuis
453 2014 514 2082 hae
529 2033 582 2080 res
596 2013 642 2080 ita
656 2034 692 2080 se
707 2013 864 2081 haberent
878 2023 910 2082 et
924 2015 966 2082 Μ.
983 2016 1063 2084 Oato
1077 2017 1148 2100 ipse
1162 2021 1292 2102 praetor

139 2117 293 2185 iudioium
316 2115 531 2199 exeroeret7),
559 2122 667 2182 tamen
690 2115 829 2184 Scaurus
851 2117 1017 2186 absolutus
1039 2123 1096 2185 est.
1142 2117 1235 2197 Quod
1256 2125 1299 2188 ut.

140 2217 231 2286 fieret
258 2218 379 2285 multae
404 2235 457 2284 res
478 2217 677 2285 adiuuerunt.
721 2220 751 2284 A
772 2220 963 2302 grauissima
985 2224 1020 2285 ut
1040 2219 1206 2304 inoipiam,
1234 2240 1291 2288 sex

140 2320 267 2405 patroni
295 2324 328 2384 et
355 2319 385 2383 ei
414 2317 542 2399 quidem
571 2319 754 2400 eloquentia
776 2320 945 2386 olarissimi
968 2341 1041 2388 eum
1064 2320 1288 2406 defenderunt,

140 2419 330 2498 Hortensius
359 2417 443 2483 enim
474 2423 505 2483 et
527 2417 637 2484 dinero
650 2417 676 2500 8)
705 2418 787 2484 inter
815 2439 871 2486 eos
893 2422 991 2487 fuere.
1036 2423 1118 2487 Tum
1141 2443 1181 2487 ex
1204 2442 1291 2488 more
1347 2476 1349 2480 .

140 2523 227 2589 illius
250 2519 366 2586 aetatis
388 2537 504 2585 nouem
526 2518 719 2602 consulares,
741 2517 859 2602 partim
881 2519 957 2600 quia
972 2521 1106 2586 aberant
1127 2542 1185 2604 per
1200 2523 1290 2589 tabu-

140 2625 190 2690 las
213 2642 287 2689 eum
301 2619 522 2687 laudauerunt.
559 2619 699 2698 Quorum
718 2619 848 2686 nomina
862 2619 949 2704 apud
964 2619 1136 2687 Asconium
1153 2619 1218 2706 (14,
1235 2623 1290 2707 14)

141 2724 286 2791 inuenies
296 2721 338 2808 9);
362 2722 431 2788 iure
453 2727 560 2788 autem
582 2757 624 2768 -
646 2728 681 2787 ut
701 2721 764 2788 hoo
785 2719 904 2788 addam
920 2757 960 2767 -—
976 2723 1016 2788 D.
1032 2721 1292 2790 Wilsdorfius

141 2826 174 2892 in
198 2824 299 2909 faetta
322 2822 550 2908 Hispaniarum
576 2825 816 2908 prooemiorum
843 2822 899 2907 (ε
921 2822 1089 2907 Leipziger
1112 2822 1245 2890 Studien
1267 2826 1290 2908 l,

142 2927 247 3010 Leipz.
267 2929 358 2992 1878.
373 2948 403 3011 p.
423 2924 496 3009 116)
511 2933 621 2993 eontra
636 2926 673 2993 A.
690 2925 739 2991 W.
755 2925 979 3010 Zumptium
995 2922 1121 3007 (Studia
1135 2925 1290 2988 Romanu.

142 3027 246 3095 Berol.
274 3030 363 3094 1859.
392 3047 423 3110 p.
448 3025 502 3110 11)
533 3027 672 3094 ostendit
694 3026 732 3106 Q.
755 3025 930 3093 Caecilium
948 3027 1112 3093 Metellum
1133 3027 1292 3112 Nepotem

144 3129 220 3211 (oos.
244 3148 273 3195 a.
290 3127 420 3210 691151)
443 3127 550 3195 medio
574 3149 602 3194 a.
620 3133 734 3205 100154
756 3127 877 3194 uixisse
900 3134 932 3194 et
954 3127 1108 3195 Soaurum
1130 3128 1290 3196 laudasse.

142 3228 303 3296 Laudauit
332 3235 499 3314 praeterea
526 3247 607 3296 unus
623 3230 663 3310 ¹⁰)
693 3228 883 3297 adnleseens
905 3230 941 3296 L.
965 3228 1129 3296 Cornelius
1151 3229 1289 3296 Faustus

143 3331 249 3410 Sulla,
272 3333 371 3396 frater
394 3330 507 3396 Souuri
530 3350 570 3396 ex
594 3330 706 3397 eadem
728 3338 831 3397 matre
856 3336 958 3398 natus.
1002 3331 1034 3396 Is
1057 3329 1196 3397 Asconio
1220 3349 1292 3395 uuo·

230 3567 253 3630 1)
272 3564 327 3619 cio.
346 3579 396 3634 pro
415 3563 518 3620 Scauro
537 3566 562 3631 1.
575 3567 709 3619 111111
726 3569 755 3619 et
772 3563 806 3619 oi.
820 3579 903 3634 supra
920 3581 946 3633 p.
958 3567 1016 3630 158,
1032 3567 1093 3618 nt.
1181 3565 1207 3628 1)
1228 3562 1292 3616 Asc.

146 3654 184 3716 11,
201 3653 241 3703 13.
265 3648 324 3704 Vel.
341 3648 414 3702 Max.
431 3651 455 3716 8,
472 3653 493 3715 1,
509 3652 551 3702 10:
568 3654 686 3720 propter
702 3651 912 3704 uetustissimam
933 3648 1099 3704 nobilitatem
1117 3651 1143 3702 et
1159 3653 1293 3700 reseratam

143 3733 298 3788 memoriam
313 3733 405 3802 putris
422 3731 564 3788 absolutus
580 3737 628 3789 est.
698 3736 725 3799 3)
743 3733 798 3788 Cio.
812 3733 950 3798 additi,
963 3735 1036 3799 ¹⁶24·
1098 3735 1124 3798 4)
1142 3732 1207 3786 Asc.
1221 3735 1258 3797 16,
1269 3735 1292 3786 8.

144 3821 169 3884 5)
185 3817 251 3871 Aso.
271 3821 309 3883 11,
325 3821 365 3871 11.
453 3821 479 3884 6)
496 3817 559 3872 Aso.
577 3822 616 3884 18,
632 3822 656 3873 6.
689 3818 722 3872 A.
731 3817 775 3873 W.
791 3817 899 3886 Zumpt.
917 3815 995 3871 Rom.
1011 3815 1194 3871 crim-Proo.
1210 3832 1236 3885 p.
1249 3818 1291 3868 90.

144 3907 168 3968 1)
185 3902 251 3956 Asu.
263 3905 303 3967 17,
316 3906 354 3955 11.
366 3905 406 3968 11,
417 3903 458 3955 13.
476 3901 617 3957 VotMax.
628 3906 720 3968 3,6,1.
791 3905 817 3968 8)
836 3901 931 3956 cicero
950 3915 1004 3968 quo
1022 3901 1083 3956 looo
1105 3900 1203 3956 dixerit
1219 3899 1292 3954 infru

143 3987 225 4056 paulo
242 3985 397 4040 accuratius
409 4000 550 4054 exponam.
604 3990 629 4051 9)
642 3986 781 4041 Nonnulla
793 3989 825 4040 ut
838 3984 871 4039 de
883 3984 1005 4054 patronis
1015 3984 1054 4039 ita
1062 3984 1096 4040 do
1104 3985 1292 4040 laudatoribus

144 4069 443 4139 ooliomtDrumannus,
454 4069 707 4127 (iesoh.1toms.V1.
717 4087 744 4139 p.
756 4074 797 4124 31.
853 4073 894 4136 10)
902 4070 966 4125 riso.
977 4073 1019 4137 15,
1029 4073 1052 4124 3.
1071 4069 1171 4125 Decem
1179 4069 1292 4126 laudare

143 4171 201 4211 mos
219 4160 290 4223 erat;
309 4154 344 4210 oi.
355 4153 410 4211 cio.
420 4155 448 4209 in
457 4155 535 4211 Verr.
546 4160 570 4222 5,
581 4157 622 4218 11,
632 4159 673 4209 51.
700 4155 734 4208 Δ.
745 4153 788 4209 W.
802 4153 909 4223 Zumpt.
921 4153 998 4210 Rom.
1010 4153 1184 4212 (irim-Pron
1195 4172 1221 4226 p.
1234 4156 1290 4208 199.
