3118 4870
555 424 649 479 Cicero
667 439 717 493 pro
736 423 848 480 Scauro.
1217 425 1277 486 255

127 605 218 666 terea
241 597 401 663 eonsrrlem
423 614 518 680 posse
541 595 701 680 designari
723 595 953 680 timebantque,
976 617 1016 662 ne
1037 617 1154 664 nouum
1178 601 1276 685 magi-

127 704 262 767 stratum
290 696 384 762 inirct
412 717 451 762 ac
472 715 579 763 rursus
602 703 676 764 ante
699 697 780 763 alias
801 697 983 782 prouincias
1005 699 1157 783 spoliaret
1180 720 1276 783 quam

126 806 297 886 praeturae
325 799 410 864 male
439 798 680 865 administratae
708 798 856 866 redderet
883 799 1039 866 rationem
1061 799 1148 883 (Asc.
1168 807 1214 885 17,
1232 803 1275 885 5).

213 900 283 966 Etsi
305 899 346 965 de
368 899 502 965 historia
517 900 715 967 comitiorum
730 900 805 965 anni
822 905 936 978 7110154
948 899 973 984 1)
986 901 1019 966 10
1034 900 1195 971 Ciceronis
1211 906 1276 989 epi-

127 1001 256 1083 0101101)
279 1000 487 1082 eiusdemque
509 1001 542 1066 in
566 1002 708 1068 oratione
724 1001 900 1066 Scauriana
921 1003 1022 1068 multa
1042 1003 1209 1072 traduntur
1229 1013 1274 1072 at-

126 1123 189 1186 que
218 1123 281 1169 non
309 1123 413 1186 pauca
442 1103 483 1168 de
505 1103 617 1168 Scauri
645 1122 742 1169 eausa
767 1109 935 1186 praeterea
955 1109 1031 1170 nota
1053 1113 1139 1171 sunt:
1168 1111 1276 1174 tamen

126 1206 322 1290 singulorum
346 1203 414 1269 eius
428 1202 539 1270 iudicii
554 1203 676 1271 dierum
691 1204 772 1270 ratio
788 1203 977 1270 difficillima
992 1211 1050 1271 est.
1087 1201 1170 1270 Nam
1184 1227 1276 1292 prae-

126 1314 176 1373 ter
197 1305 279 1371 illud
301 1306 440 1389 spatium
462 1305 593 1390 triginta
616 1305 738 1372 dierum
755 1304 795 1371 de
810 1307 911 1371 tribus
926 1311 1049 1371 tantum
1065 1307 1169 1391 rebus,
1193 1327 1275 1390 quae

126 1407 168 1473 ad
192 1407 274 1472 hanc
292 1407 510 1488 quaestionem
526 1406 764 1472 diiudicandam
780 1405 914 1473 alicuius
929 1407 1082 1472 momenti
1099 1415 1181 1492 sunt,
1204 1429 1275 1476 eon·

126 1514 205 1574 stat:
228 1508 365 1592 primum
387 1509 420 1573 in
443 1508 526 1574 diem
543 1508 579 1573 V.
597 1509 668 1573 Kal.
686 1505 773 1573 Sext.
790 1507 845 1590 (=
859 1510 910 1573 28.
925 1507 1005 1590 Juli)
1027 1509 1155 1576 comitia
1177 1511 1275 1578 tribu-

126 1609 212 1676 nicia
234 1610 406 1676 constituta
428 1615 519 1674 erant
530 1607 555 1692 3)
578 1615 610 1675 01
632 1608 811 1675 consularia
827 1607 955 1674 comitia
970 1610 1066 1692 paulo
1082 1617 1155 1693 post
1170 1611 1276 1678 lutura

126 1717 218 1778 erant
229 1712 271 1794 4);
293 1709 409 1776 deinde
426 1711 536 1778 Cicero
559 1711 602 1776 ad
617 1709 654 1788 Q.
669 1709 706 1775 fr.
723 1713 752 1792 2,
769 1715 807 1773 1-5
825 1708 881 1792 (=
892 1712 920 1792 2,
937 1708 997 1792 16),
1021 1729 1103 1792 qnae
1127 1711 1275 1797 epistula,

124 1819 160 1878 ut
189 1832 229 1877 ex
259 1815 287 1892 ξ.
312 1815 329 1876 3
354 1819 489 1880 exeunte
511 1819 662 1898 apparet,
692 1830 801 1877 mense
824 1809 940 1877 Sextili
965 1811 1084 1896 scripta
1106 1817 1170 1896 est,
1198 1811 1276 1878 dicit

124 1917 153 1994 ξ.
178 1917 196 1978 3
220 1913 347 1979 comitia
370 1913 549 1980 consularia
578 1915 612 1979 in
633 1933 776 1980 mensem
802 1911 1023 1997 Septembrem
1046 1911 1165 1979 reiecta
1187 1933 1274 1998 esse,

125 2035 267 2080 summus
290 2015 427 2096 denique
449 2014 559 2080 iudicii
582 2014 693 2081 Scauri
717 2013 785 2080 dies
807 2013 866 2080 luit
888 2012 965 2078 ad.
983 2013 1055 2080 IIII.
1078 2015 1160 2081 Non.
1185 2014 1273 2099 Sept.

126 2115 185 2197 (==
196 2119 224 2180 2.
238 2116 342 2200 Sept:
358 2117 431 2183 Asc.
452 2121 500 2200 16,
517 2115 560 2198 5).
578 2151 616 2162 -
634 2114 755 2195 Quodsi
771 2113 913 2180 Triarius
935 2113 1066 2197 triginta
1080 2115 1146 2181 illis
1161 2115 1275 2182 diebus

126 2215 169 2282 ad
200 2216 423 2298 inquirendum
451 2237 527 2283 usus
555 2222 655 2299 esset,
685 2217 825 2282 actiones
857 2235 972 2282 causae
995 2216 1189 2283 Scaurianae
1211 2236 1275 2282 non

124 2319 213 2403 prius
247 2317 386 2400 incipere
419 2320 611 2401 potuissent,
645 2337 741 2399 quam
774 2324 848 2400 post
878 2336 907 2380 a.
937 2316 968 2382 d.
992 2317 1075 2383 VIII.
1105 2318 1152 2384 Id.
1185 2318 1273 2384 Sext.

125 2417 181 2503 (=
198 2424 226 2486 6.
242 2415 358 2499 Aug.);
382 2417 440 2481 sed
461 2417 585 2482 interea
608 2417 755 2498 Scaurus,
779 2415 928 2498 quoniam
952 2418 1081 2480 comitia
1101 2417 1135 2482 in
1158 2437 1274 2482 exeun-

126 2529 188 2588 tem
213 2537 354 2584 mensem
376 2516 550 2595 Quintilem
571 2515 691 2580 indicta
712 2521 818 2596 erant,
849 2515 958 2579 consul
981 2513 1141 2596 designari
1163 2518 1274 2598 potuit.

124 2625 239 2705 Itaque
262 2617 418 2699 Triarius,
449 2636 489 2680 ne
517 2619 634 2682 frustra
658 2615 896 2698 inquisitionem
918 2613 1079 2680 remisisse
1102 2617 1273 2702 uideretur,

124 2724 159 2789 id
188 2720 315 2787 uidetur
343 2721 463 2804 egisse,
493 2726 528 2785 ut
557 2724 630 2785 ante
658 2717 786 2784 comitia
815 2715 952 2801 primum
975 2714 1095 2781 indicta
1118 2717 1274 2783 actionem

125 2822 321 2904 institueret,
351 2841 415 2903 qua
438 2821 593 2886 Scaurum
621 2820 825 2904 opprimeret.
869 2817 907 2882 Id
937 2823 1044 2883 tamen
1073 2818 1102 2884 ci
1129 2819 1275 2899 quamuis

126 2921 329 2990 contendenti
351 2923 574 3003 laborantique
596 2942 659 2987 non
681 2920 821 3002 contigit,
844 2940 919 2984 nam
936 2939 966 2983 a.
982 2919 1013 2984 d.
1029 2919 1081 2985 VI.
1097 2921 1170 2985 Kal.
1185 2920 1274 2986 Sext.

126 3023 181 3107 (=
196 3027 247 3088 27.
262 3023 351 3106 Juli),
375 3043 437 3107 quo
461 3023 514 3089 die
536 3021 715 3088 consularia
737 3021 866 3088 comitia
885 3019 1026 3087 nondum
1040 3021 1158 3087 reiecta
1174 3027 1274 3104 erant,

127 3117 237 3191 Cicero
258 3123 379 3190 indicat
395 3124 505 3190 Scauri
529 3143 658 3190 causam
676 3123 815 3188 nondum
831 3128 935 3189 actam
951 3142 1022 3188 esse
1038 3129 1070 3188 et
1084 3121 1153 3188 fieri
1167 3140 1274 3206 posse,
1375 3205 1378 3212 ι

126 3233 160 3292 01
182 3227 293 3292 consul
316 3225 500 3309 designatus
523 3226 619 3291 etiam
642 3223 780 3290 ambitus
802 3243 875 3290 reus
898 3222 1033 3307 euadat;
1055 3223 1166 3289 scribit
1188 3221 1274 3289 enim

126 3326 167 3394 ad
182 3327 322 3394 Atticum
338 3332 367 3410 4,
387 3332 433 3408 15,
450 3331 485 3392 9:
499 3325 648 3409 sortasse
670 3323 817 3386 accederat
838 3326 932 3388 etium
954 3325 1095 3388 consules
1110 3323 1273 3407 0100190011,

212 3481 236 3541 1)
255 3475 295 3529 Ol.
311 3475 373 3530 edit.
387 3475 529 3545 Peyronis‚
551 3474 650 3540 Stuttg.
669 3476 742 3528 1824.
760 3488 786 3541 p.
802 3477 847 3528 131
862 3500 897 3520 =
909 3474 971 3528 edit.
985 3473 1084 3539 Beieri,
1107 3471 1181 3540 Lips.
1201 3475 1275 3524 1815.

124 3565 220 3629 0186.
238 3559 673 3628 10000,Βὸ00.811.111’,0313.
744 3561 770 3620 1)
789 3557 864 3625 Quae
881 3563 972 3612 tamen
989 3558 1057 3611 mira
1075 3555 1190 3624 quadam
1209 3570 1275 3608 con·

124 3644 241 3710 lusione,
260 3659 293 3696 ex
310 3643 520 3712 transpositione
537 3643 662 3697 loliorum
679 3639 819 3711 archetypi
836 3645 910 3706 orta,
931 3641 960 3694 in
979 3641 1117 3695 codicibus
1135 3639 1275 3706 leguntur3

127 3728 160 3782 cf.
179 3729 330 3782 Mommsen
346 3729 374 3782 in
391 3725 766 3782 Ζο1100100111,ΑΙ10.000001
779 3727 1036 3792 181509801ῖῦ0.
1125 3727 1150 3787 3)
1169 3721 1223 3775 Oic.
1240 3721 1276 3776 ad

125 3812 182 3865 att.
192 3816 216 3876 4,
229 3815 269 3877 15,
279 3816 303 3878 8,
321 3826 390 3879 qnae
407 3811 523 3880 epistula
540 3827 605 3866 non
623 3805 1274 3876 1111101.8001--21101110111Βο11.-Κογε.),

126 3895 173 3950 sed
184 3895 231 3951 VI.
244 3894 306 3949 Kal.
320 3895 392 3949 Sext.
403 3923 434 3944 =
447 3899 486 3949 11.
496 3895 552 3950 Juli
570 3893 726 3963 conscripta
743 3881 792 3956 est,
812 3891 846 3946 cf.
864 3893 889 3960 ξ.
900 3894 929 3944 80
948 3888 1016 3944 baec
1035 3907 1085 3960 epo
1098 3890 1193 3962 pridie
1208 3890 1275 3944 scri·

126 3981 232 4044 bobum,
258 3995 339 4050 quom
354 3981 466 4034 ’00001110
485 3982 532 4044 (00.
552 3977 706 4041 tribunicia)
726 3976 792 4046 sore
810 3975 992 4048 putabantur,
1016 3974 1161 4028 seducite
1179 3974 1275 4044 quinto

126 4061 190 4119 Kal.
209 4062 288 4119 Sext.
306 4063 332 4117 si
346 4063 426 4132 sacto
444 4070 537 4128 eruat,
556 4102 563 4114 .
581 4101 587 4113 .
606 4065 663 4116 1010
681 4059 789 4116 comitia
805 4059 983 4132 perscribam.
1070 4062 1096 4124 4)
1113 4057 1180 4114 lbid.
1199 4060 1223 4128 ξ.
1243 4064 1275 4112 9:

124 4149 248 4218 sortasse
266 4147 396 4203 accedent
412 4147 493 4202 etiam
512 4145 636 4202 00000100
653 4145 798 4216 0100100011.

1022 4241 1071 4295 11*
