<?xml version="1.0" encoding="UTF-8"?>
<!DOCTYPE html PUBLIC "-//W3C//DTD XHTML 1.0 Transitional//EN"
    "http://www.w3.org/TR/xhtml1/DTD/xhtml1-transitional.dtd">
<html xmlns="http://www.w3.org/1999/xhtml" xml:lang="en" lang="en">
 <head>
  <title>
</title>
<meta http-equiv="Content-Type" content="text/html;charset=utf-8" />
  <meta name='ocr-system' content='tesseract 3.04.00' />
  <meta name='ocr-capabilities' content='ocr_page ocr_carea ocr_par ocr_line ocrx_word'/>
</head>
<body>
  <div class='ocr_page' id='page_1' title='image "./debabriiaetate01crusgoog_0105.png"; bbox 0 0 3118 4870; ppageno 0'>
   <div class='ocr_carea' id='block_1_1' title="bbox 278 309 1544 504">
    <p class='ocr_par' dir='ltr' id='par_1_1' title="bbox 278 309 1544 504">
     <span class='ocr_line' id='line_1_1' title="bbox 278 309 1544 504; baseline -0.006 -54"><span class='ocrx_word' id='word_1_1' title='bbox 278 390 340 450; x_wconf 82' lang='lat'><strong>214</strong></span> <span class='ocrx_word' id='word_1_2' title='bbox 756 390 820 446; x_wconf 92' lang='lat' dir='ltr'><strong>Otto</strong></span> <span class='ocrx_word' id='word_1_3' title='bbox 840 389 950 446; x_wconf 74' lang='lat' dir='ltr'><strong>(trusius</strong></span> <span class='ocrx_word' id='word_1_4' title='bbox 1541 309 1544 504; x_wconf 77' lang='grc' dir='ltr'>Ι</span> 
     </span>
    </p>
   </div>
   <div class='ocr_carea' id='block_1_2' title="bbox 271 559 1429 3286">
    <p class='ocr_par' dir='ltr' id='par_1_2' title="bbox 274 559 1429 1039">
     <span class='ocr_line' id='line_1_2' title="bbox 276 559 1428 647; baseline -0.004 -15"><span class='ocrx_word' id='word_1_5' title='bbox 276 566 366 632; x_wconf 88' lang='lat' dir='ltr'><strong>Haec</strong></span> <span class='ocrx_word' id='word_1_6' title='bbox 392 564 533 631; x_wconf 89' lang='lat' dir='ltr'><strong>dicentes</strong></span> <span class='ocrx_word' id='word_1_7' title='bbox 556 581 633 629; x_wconf 85' lang='lat' dir='ltr'><strong>oues</strong></span> <span class='ocrx_word' id='word_1_8' title='bbox 655 562 777 629; x_wconf 85' lang='lat' dir='ltr'><strong>laniare</strong></span> <span class='ocrx_word' id='word_1_9' title='bbox 800 565 969 647; x_wconf 87' lang='lat' dir='ltr'><strong>coeperunt</strong></span> <span class='ocrx_word' id='word_1_10' title='bbox 991 561 1078 628; x_wconf 93' lang='lat' dir='ltr'><strong>nullo</strong></span> <span class='ocrx_word' id='word_1_11' title='bbox 1101 564 1204 626; x_wconf 85' lang='lat' dir='ltr'><strong>tutore</strong></span> <span class='ocrx_word' id='word_1_12' title='bbox 1232 559 1428 627; x_wconf 88' lang='lat' dir='ltr'><strong>adiutorium</strong></span> 
     </span>
     <span class='ocr_line' id='line_1_3' title="bbox 275 654 1429 754; baseline -0.005 -21"><span class='ocrx_word' id='word_1_13' title='bbox 275 671 475 754; x_wconf 78' lang='lat' dir='ltr'><strong>praestante,</strong></span> <span class='ocrx_word' id='word_1_14' title='bbox 503 665 591 731; x_wconf 95' lang='lat' dir='ltr'><strong>nullo</strong></span> <span class='ocrx_word' id='word_1_15' title='bbox 612 669 746 749; x_wconf 89' lang='lat' dir='ltr'><strong>patrono</strong></span> <span class='ocrx_word' id='word_1_16' title='bbox 770 654 977 730; x_wconf 76' lang='lat' dir='ltr'><strong>defendente?</strong></span> <span class='ocrx_word' id='word_1_17' title='bbox 1025 661 1118 728; x_wconf 80' lang='lat' dir='ltr'><strong>Certe</strong></span> <span class='ocrx_word' id='word_1_18' title='bbox 1147 661 1345 748; x_wconf 83' lang='lat' dir='ltr'><strong>probabilius</strong></span> <span class='ocrx_word' id='word_1_19' title='bbox 1379 667 1429 730; x_wconf 93' lang='lat' dir='ltr'><strong>est</strong></span> 
     </span>
     <span class='ocr_line' id='line_1_4' title="bbox 276 762 1427 848; baseline -0.003 -13"><span class='ocrx_word' id='word_1_20' title='bbox 276 770 392 836; x_wconf 84' lang='lat' dir='ltr'><strong>exilem</strong></span> <span class='ocrx_word' id='word_1_21' title='bbox 413 767 556 834; x_wconf 75' lang='lat' dir='ltr'><strong>fabulam</strong></span> <span class='ocrx_word' id='word_1_22' title='bbox 579 765 771 832; x_wconf 87' lang='lat' dir='ltr'><strong>Babrianam</strong></span> <span class='ocrx_word' id='word_1_23' title='bbox 794 767 975 848; x_wconf 81' lang='lat' dir='ltr'><strong>excerptam</strong></span> <span class='ocrx_word' id='word_1_24' title='bbox 1005 782 1076 830; x_wconf 91' lang='lat' dir='ltr'><strong>esse</strong></span> <span class='ocrx_word' id='word_1_25' title='bbox 1099 782 1140 828; x_wconf 83' lang='lat' dir='ltr'><strong>ex</strong></span> <span class='ocrx_word' id='word_1_26' title='bbox 1162 762 1331 830; x_wconf 80' lang='lat' dir='ltr'><strong>Phaedrae</strong></span> <span class='ocrx_word' id='word_1_27' title='bbox 1353 785 1427 831; x_wconf 91' lang='lat' dir='ltr'><strong>con·</strong></span> 
     </span>
     <span class='ocr_line' id='line_1_5' title="bbox 276 865 1428 952; baseline -0.004 -16"><span class='ocrx_word' id='word_1_28' title='bbox 276 870 368 936; x_wconf 88' lang='lat' dir='ltr'><strong>cinna</strong></span> <span class='ocrx_word' id='word_1_29' title='bbox 390 875 422 936; x_wconf 90' lang='lat' dir='ltr'><strong>et</strong></span> <span class='ocrx_word' id='word_1_30' title='bbox 443 869 551 952; x_wconf 86' lang='lat' dir='ltr'><strong>ampla</strong></span> <span class='ocrx_word' id='word_1_31' title='bbox 574 903 615 914; x_wconf 90' lang='lat'><em>-</em></span> <span class='ocrx_word' id='word_1_32' title='bbox 637 866 719 933; x_wconf 86' lang='lat' dir='ltr'><strong>sicut</strong></span> <span class='ocrx_word' id='word_1_33' title='bbox 740 866 804 932; x_wconf 85' lang='lat' dir='ltr'><strong>fab.</strong></span> <span class='ocrx_word' id='word_1_34' title='bbox 821 869 860 932; x_wconf 87' lang='grc'><strong>33</strong></span> <span class='ocrx_word' id='word_1_35' title='bbox 884 902 941 950; x_wconf 90' lang='lat'><strong>-,</strong></span> <span class='ocrx_word' id='word_1_36' title='bbox 971 885 1067 947; x_wconf 91' lang='lat' dir='ltr'><strong>quam</strong></span> <span class='ocrx_word' id='word_1_37' title='bbox 1089 865 1173 932; x_wconf 87' lang='lat' dir='ltr'><strong>banc</strong></span> <span class='ocrx_word' id='word_1_38' title='bbox 1194 871 1370 932; x_wconf 88' lang='lat' dir='ltr'><strong>correctam</strong></span> <span class='ocrx_word' id='word_1_39' title='bbox 1394 873 1428 933; x_wconf 88' lang='lat' dir='ltr'><strong>et</strong></span> 
     </span>
     <span class='ocr_line' id='line_1_6' title="bbox 274 967 771 1039; baseline -0.008 -1"><span class='ocrx_word' id='word_1_40' title='bbox 274 977 399 1039; x_wconf 81' lang='lat' dir='ltr'><strong>auctam</strong></span> <span class='ocrx_word' id='word_1_41' title='bbox 423 975 524 1038; x_wconf 88' lang='lat' dir='ltr'><strong>ortam</strong></span> <span class='ocrx_word' id='word_1_42' title='bbox 547 989 619 1035; x_wconf 91' lang='lat' dir='ltr'><strong>esse</strong></span> <span class='ocrx_word' id='word_1_43' title='bbox 641 989 681 1035; x_wconf 87' lang='lat' dir='ltr'><strong>ex</strong></span> <span class='ocrx_word' id='word_1_44' title='bbox 704 967 771 1034; x_wconf 85' lang='lat' dir='ltr'><strong>illa.</strong></span> 
     </span>
    </p>

    <p class='ocr_par' dir='ltr' id='par_1_3' title="bbox 271 1067 1426 3286">
     <span class='ocr_line' id='line_1_7' title="bbox 359 1067 1425 1154; baseline -0.004 -16"><span class='ocrx_word' id='word_1_45' title='bbox 359 1073 408 1139; x_wconf 89' lang='lat' dir='ltr'><strong>Ne</strong></span> <span class='ocrx_word' id='word_1_46' title='bbox 423 1072 456 1137; x_wconf 94' lang='lat' dir='ltr'><strong>in</strong></span> <span class='ocrx_word' id='word_1_47' title='bbox 473 1071 584 1138; x_wconf 86' lang='lat' dir='ltr'><strong>fabula</strong></span> <span class='ocrx_word' id='word_1_48' title='bbox 598 1073 639 1134; x_wconf 84' lang='lat'><strong>95</strong></span> <span class='ocrx_word' id='word_1_49' title='bbox 662 1068 800 1152; x_wconf 90' lang='lat' dir='ltr'><strong>quidem,</strong></span> <span class='ocrx_word' id='word_1_50' title='bbox 824 1068 1055 1135; x_wconf 85' lang='lat' dir='ltr'><strong>Babrianarum</strong></span> <span class='ocrx_word' id='word_1_51' title='bbox 1077 1067 1218 1135; x_wconf 92' lang='lat' dir='ltr'><strong>omnium</strong></span> <span class='ocrx_word' id='word_1_52' title='bbox 1239 1069 1335 1152; x_wconf 83' lang='lat' dir='ltr'><strong>longe</strong></span> <span class='ocrx_word' id='word_1_53' title='bbox 1357 1069 1425 1154; x_wconf 90' lang='lat' dir='ltr'><strong>pul-</strong></span> 
     </span>
     <span class='ocr_line' id='line_1_8' title="bbox 276 1169 1426 1257; baseline -0.005 -17"><span class='ocrx_word' id='word_1_54' title='bbox 276 1175 441 1257; x_wconf 88' lang='lat' dir='ltr'><strong>cherrima,</strong></span> <span class='ocrx_word' id='word_1_55' title='bbox 463 1173 599 1257; x_wconf 86' lang='lat' dir='ltr'><strong>pristina</strong></span> <span class='ocrx_word' id='word_1_56' title='bbox 619 1171 722 1238; x_wconf 81' lang='lat' dir='ltr'><strong>forma</strong></span> <span class='ocrx_word' id='word_1_57' title='bbox 743 1171 839 1256; x_wconf 90' lang='lat' dir='ltr'><strong>plane</strong></span> <span class='ocrx_word' id='word_1_58' title='bbox 861 1170 986 1253; x_wconf 80' lang='lat' dir='ltr'><strong>integra</strong></span> <span class='ocrx_word' id='word_1_59' title='bbox 1007 1176 1137 1238; x_wconf 90' lang='lat' dir='ltr'><strong>seruata</strong></span> <span class='ocrx_word' id='word_1_60' title='bbox 1158 1169 1294 1236; x_wconf 87' lang='lat' dir='ltr'><strong>uidetur.</strong></span> <span class='ocrx_word' id='word_1_61' title='bbox 1332 1170 1426 1255; x_wconf 83' lang='lat' dir='ltr'><strong>Legi-</strong></span> 
     </span>
     <span class='ocr_line' id='line_1_9' title="bbox 275 1270 1425 1359; baseline -0.005 -17"><span class='ocrx_word' id='word_1_62' title='bbox 275 1296 345 1343; x_wconf 91' lang='lat' dir='ltr'><strong>mus</strong></span> <span class='ocrx_word' id='word_1_63' title='bbox 368 1273 452 1342; x_wconf 93' lang='lat' dir='ltr'><strong>enim</strong></span> <span class='ocrx_word' id='word_1_64' title='bbox 473 1273 560 1359; x_wconf 90' lang='lat' dir='ltr'><strong>apud</strong></span> <span class='ocrx_word' id='word_1_65' title='bbox 574 1273 743 1341; x_wconf 86' lang='lat' dir='ltr'><strong>Aelianum</strong></span> <span class='ocrx_word' id='word_1_66' title='bbox 766 1277 912 1339; x_wconf 75' lang='lat' dir='ltr'><strong>auctores</strong></span> <span class='ocrx_word' id='word_1_67' title='bbox 934 1270 1169 1338; x_wconf 85' lang='lat' dir='ltr'><strong>Alexandrinos</strong></span> <span class='ocrx_word' id='word_1_68' title='bbox 1191 1270 1425 1338; x_wconf 72' lang='lat' dir='ltr'><strong>suscribentem</strong></span> 
     </span>
     <span class='ocr_line' id='line_1_10' title="bbox 273 1364 1425 1462; baseline -0.005 -20"><span class='ocrx_word' id='word_1_69' title='bbox 273 1378 327 1460; x_wconf 90' lang='lat' dir='ltr'><strong>IV,</strong></span> <span class='ocrx_word' id='word_1_70' title='bbox 350 1379 401 1441; x_wconf 86' lang='lat'><strong>13:</strong></span> <span class='ocrx_word' id='word_1_71' title='bbox 420 1370 456 1441; x_wconf 89' lang='lat'><strong>‘0</strong></span> <span class='ocrx_word' id='word_1_72' title='bbox 472 1373 606 1462; x_wconf 78' lang='grc' dir='ltr'><em>ἐ’λαφος,</em></span> <span class='ocrx_word' id='word_1_73' title='bbox 631 1369 676 1450; x_wconf 76' lang='grc' dir='ltr'><strong>(ὃς</strong></span> <span class='ocrx_word' id='word_1_74' title='bbox 692 1365 810 1454; x_wconf 76' lang='grc' dir='ltr'><em>ἀκούω,</em></span> <span class='ocrx_word' id='word_1_75' title='bbox 834 1369 875 1438; x_wconf 79' lang='grc' dir='ltr'><strong>τὰ</strong></span> <span class='ocrx_word' id='word_1_76' title='bbox 891 1371 1044 1460; x_wconf 85' lang='grc' dir='ltr'><em>παρόντα</em></span> <span class='ocrx_word' id='word_1_77' title='bbox 1060 1364 1176 1460; x_wconf 78' lang='grc' dir='ltr'><em>ἇγαπᾷ</em></span> <span class='ocrx_word' id='word_1_78' title='bbox 1190 1373 1247 1437; x_wconf 90' lang='grc' dir='ltr'><strong>καὶ</strong></span> <span class='ocrx_word' id='word_1_79' title='bbox 1270 1365 1338 1436; x_wconf 74' lang='grc' dir='ltr'><strong>οὐκ</strong></span> <span class='ocrx_word' id='word_1_80' title='bbox 1356 1370 1425 1458; x_wconf 75' lang='grc' dir='ltr'><strong>ἐρᾷ</strong></span> 
     </span>
     <span class='ocr_line' id='line_1_11' title="bbox 274 1467 1424 1562; baseline -0.003 -20"><span class='ocrx_word' id='word_1_81' title='bbox 274 1475 498 1556; x_wconf 83' lang='grc' dir='ltr'><em>πλειόνων,</em></span> <span class='ocrx_word' id='word_1_82' title='bbox 524 1467 626 1540; x_wconf 77' lang='grc' dir='ltr'><strong>ἀλλὰ</strong></span> <span class='ocrx_word' id='word_1_83' title='bbox 647 1487 859 1562; x_wconf 84' lang='grc' dir='ltr'><em>σωφρονεῖ</em></span> <span class='ocrx_word' id='word_1_84' title='bbox 881 1476 977 1562; x_wconf 90' lang='grc' dir='ltr'><strong>περὶ</strong></span> <span class='ocrx_word' id='word_1_85' title='bbox 999 1472 1066 1562; x_wconf 84' lang='grc' dir='ltr'><strong>τὴν</strong></span> <span class='ocrx_word' id='word_1_86' title='bbox 1088 1476 1353 1561; x_wconf 75' lang='grc' dir='ltr'><em>γαστέρατιῦν</em></span> <span class='ocrx_word' id='word_1_87' title='bbox 1370 1467 1424 1539; x_wconf 79' lang='grc' dir='ltr'><em>αἰν-</em></span> 
     </span>
     <span class='ocr_line' id='line_1_12' title="bbox 273 1572 1422 1667; baseline -0.004 -23"><span class='ocrx_word' id='word_1_88' title='bbox 273 1578 425 1667; x_wconf 76' lang='grc' dir='ltr'><em>θρώπων</em></span> <span class='ocrx_word' id='word_1_89' title='bbox 440 1577 577 1662; x_wconf 81' lang='grc' dir='ltr'><em>μᾶλλον.</em></span> <span class='ocrx_word' id='word_1_90' title='bbox 611 1578 698 1664; x_wconf 80' lang='grc' dir='ltr'><strong><em>Περὶ</em></strong></span> <span class='ocrx_word' id='word_1_91' title='bbox 712 1579 790 1662; x_wconf 77' lang='grc' dir='ltr'><em>γοῦν</em></span> <span class='ocrx_word' id='word_1_92' title='bbox 811 1574 869 1642; x_wconf 83' lang='grc' dir='ltr'><strong>τὸν</strong></span> <span class='ocrx_word' id='word_1_93' title='bbox 882 1572 1128 1664; x_wconf 76' lang='grc' dir='ltr'><em>Ἑλλήσποντόν</em></span> <span class='ocrx_word' id='word_1_94' title='bbox 1151 1573 1222 1641; x_wconf 76' lang='grc' dir='ltr'><em>ἐστι</em></span> <span class='ocrx_word' id='word_1_95' title='bbox 1244 1575 1349 1663; x_wconf 82' lang='grc' dir='ltr'><strong><em>λόφος</em></strong></span> <span class='ocrx_word' id='word_1_96' title='bbox 1371 1578 1422 1640; x_wconf 77' lang='grc' dir='ltr'><strong>καὶ</strong></span> 
     </span>
     <span class='ocr_line' id='line_1_13' title="bbox 274 1668 1423 1765; baseline -0.004 -19"><span class='ocrx_word' id='word_1_97' title='bbox 274 1686 429 1764; x_wconf 78' lang='grc' dir='ltr'><em>νέμονται</em></span> <span class='ocrx_word' id='word_1_98' title='bbox 443 1676 527 1745; x_wconf 84' lang='grc' dir='ltr'><em>κατὰ</em></span> <span class='ocrx_word' id='word_1_99' title='bbox 541 1676 640 1743; x_wconf 76' lang='grc' dir='ltr'><em>τοῦδε</em></span> <span class='ocrx_word' id='word_1_100' title='bbox 656 1676 786 1765; x_wconf 69' lang='grc' dir='ltr'><em>ἔλαφοι,</em></span> <span class='ocrx_word' id='word_1_101' title='bbox 809 1680 959 1744; x_wconf 77' lang='grc' dir='ltr'><em>καὶτῶν</em></span> <span class='ocrx_word' id='word_1_102' title='bbox 975 1673 1084 1743; x_wconf 78' lang='grc' dir='ltr'><em>ὤτων</em></span> <span class='ocrx_word' id='word_1_103' title='bbox 1107 1668 1248 1753; x_wconf 71' lang='grc' dir='ltr'><em>αὐτοῖς</em></span> <span class='ocrx_word' id='word_1_104' title='bbox 1269 1675 1314 1742; x_wconf 86' lang='grc' dir='ltr'><strong>τὸ</strong></span> <span class='ocrx_word' id='word_1_105' title='bbox 1339 1676 1423 1742; x_wconf 75' lang='grc' dir='ltr'><em>ἕτο-</em></span> 
     </span>
     <span class='ocr_line' id='line_1_14' title="bbox 273 1770 1423 1869; baseline -0.004 -22"><span class='ocrx_word' id='word_1_106' title='bbox 273 1807 341 1869; x_wconf 93' lang='grc' dir='ltr'><strong>ρον</strong></span> <span class='ocrx_word' id='word_1_107' title='bbox 365 1781 618 1862; x_wconf 81' lang='grc' dir='ltr'><em>ὄιέσχισται,</em></span> <span class='ocrx_word' id='word_1_108' title='bbox 642 1783 830 1866; x_wconf 79' lang='grc' dir='ltr'><strong><em>περαιτέρω</em></strong></span> <span class='ocrx_word' id='word_1_109' title='bbox 847 1778 883 1844; x_wconf 78' lang='grc' dir='ltr'><strong>δὲ</strong></span> <span class='ocrx_word' id='word_1_110' title='bbox 899 1772 936 1845; x_wconf 77' lang='grc' dir='ltr'><strong>οὗ</strong></span> <span class='ocrx_word' id='word_1_111' title='bbox 949 1783 1095 1866; x_wconf 78' lang='grc' dir='ltr'><em>χωροῦσι</em></span> <span class='ocrx_word' id='word_1_112' title='bbox 1112 1781 1171 1845; x_wconf 81' lang='grc' dir='ltr'><strong>τοῦ</strong></span> <span class='ocrx_word' id='word_1_113' title='bbox 1192 1776 1309 1866; x_wconf 77' lang='grc' dir='ltr'><em>λόφου,</em></span> <span class='ocrx_word' id='word_1_114' title='bbox 1333 1770 1423 1843; x_wconf 73' lang='grc' dir='ltr'><strong>οὐδὲ</strong></span> 
     </span>
     <span class='ocr_line' id='line_1_15' title="bbox 273 1873 1422 1970; baseline -0.005 -20"><span class='ocrx_word' id='word_1_115' title='bbox 273 1886 398 1970; x_wconf 78' lang='grc' dir='ltr'><em>νομῆς</em></span> <span class='ocrx_word' id='word_1_116' title='bbox 422 1879 546 1968; x_wconf 73' lang='grc' dir='ltr'><strong>ἐροῦσι</strong></span> <span class='ocrx_word' id='word_1_117' title='bbox 569 1879 701 1968; x_wconf 80' lang='grc' dir='ltr'><em>ξένης,</em></span> <span class='ocrx_word' id='word_1_118' title='bbox 732 1873 827 1945; x_wconf 72' lang='grc' dir='ltr'><strong>οὐδὲ</strong></span> <span class='ocrx_word' id='word_1_119' title='bbox 857 1881 1064 1964; x_wconf 75' lang='grc' dir='ltr'><em>λειμῶνας</em></span> <span class='ocrx_word' id='word_1_120' title='bbox 1093 1883 1307 1946; x_wconf 75' lang='grc' dir='ltr'><em>ποθοῦσιν</em></span> <span class='ocrx_word' id='word_1_121' title='bbox 1337 1878 1422 1945; x_wconf 80' lang='grc' dir='ltr'><em>ἑτέ-</em></span> 
     </span>
     <span class='ocr_line' id='line_1_16' title="bbox 274 1981 1423 2071; baseline -0.002 -21"><span class='ocrx_word' id='word_1_122' title='bbox 274 2009 382 2071; x_wconf 86' lang='grc' dir='ltr'><em>ρους,</em></span> <span class='ocrx_word' id='word_1_123' title='bbox 413 1981 519 2059; x_wconf 85' lang='grc' dir='ltr'><em>πόας</em></span> <span class='ocrx_word' id='word_1_124' title='bbox 545 1987 663 2069; x_wconf 72' lang='grc' dir='ltr'><strong><em>χρείᾳ</em></strong></span> <span class='ocrx_word' id='word_1_125' title='bbox 693 1986 998 2069; x_wconf 80' lang='grc' dir='ltr'><strong>περιττοτέρας</strong></span> <span class='ocrx_word' id='word_1_126' title='bbox 1022 1984 1089 2048; x_wconf 84' lang='grc' dir='ltr'><em>κτλ.</em></span> <span class='ocrx_word' id='word_1_127' title='bbox 1136 1981 1278 2060; x_wconf 79' lang='lat' dir='ltr'><strong>Quocum</strong></span> <span class='ocrx_word' id='word_1_128' title='bbox 1301 2003 1423 2066; x_wconf 87' lang='lat' dir='ltr'><strong>compo·</strong></span> 
     </span>
     <span class='ocr_line' id='line_1_17' title="bbox 272 2076 1422 2169; baseline -0.003 -17"><span class='ocrx_word' id='word_1_129' title='bbox 272 2086 412 2152; x_wconf 86' lang='lat' dir='ltr'><strong>nendum</strong></span> <span class='ocrx_word' id='word_1_130' title='bbox 436 2091 484 2150; x_wconf 92' lang='lat' dir='ltr'><strong>est</strong></span> <span class='ocrx_word' id='word_1_131' title='bbox 505 2083 635 2150; x_wconf 91' lang='lat' dir='ltr'><strong>Aristot.</strong></span> <span class='ocrx_word' id='word_1_132' title='bbox 660 2084 731 2150; x_wconf 91' lang='lat' dir='ltr'><strong>hist.</strong></span> <span class='ocrx_word' id='word_1_133' title='bbox 756 2105 807 2150; x_wconf 90' lang='lat' dir='ltr'><strong>an.</strong></span> <span class='ocrx_word' id='word_1_134' title='bbox 830 2085 883 2168; x_wconf 92' lang='lat' dir='ltr'><strong>Vl,</strong></span> <span class='ocrx_word' id='word_1_135' title='bbox 900 2088 956 2150; x_wconf 80' lang='lat'><strong>28:</strong></span> <span class='ocrx_word' id='word_1_136' title='bbox 982 2082 1016 2149; x_wconf 78' lang='grc' dir='ltr'><strong>ἐν</strong></span> <span class='ocrx_word' id='word_1_137' title='bbox 1039 2083 1074 2149; x_wconf 77' lang='grc' dir='ltr'><strong>δὲ</strong></span> <span class='ocrx_word' id='word_1_138' title='bbox 1096 2086 1145 2168; x_wconf 73' lang='lat' dir='ltr'><strong>uqi</strong></span> <span class='ocrx_word' id='word_1_139' title='bbox 1167 2077 1239 2169; x_wconf 78' lang='grc' dir='ltr'><strong>ὄρει</strong></span> <span class='ocrx_word' id='word_1_140' title='bbox 1260 2087 1309 2169; x_wconf 75' lang='lat' dir='ltr'><strong>aqi</strong></span> <span class='ocrx_word' id='word_1_141' title='bbox 1327 2076 1422 2149; x_wconf 79' lang='lat' dir='ltr'><strong>&#39;Eia-</strong></span> 
     </span>
     <span class='ocr_line' id='line_1_18' title="bbox 273 2176 1422 2274; baseline -0.001 -23"><span class='ocrx_word' id='word_1_142' title='bbox 273 2185 398 2274; x_wconf 83' lang='grc' dir='ltr'><em>φώεντι</em></span> <span class='ocrx_word' id='word_1_143' title='bbox 418 2185 619 2270; x_wconf 82' lang='grc' dir='ltr'><em>καλουμένῳ,</em></span> <span class='ocrx_word' id='word_1_144' title='bbox 642 2176 661 2248; x_wconf 75' lang='grc' dir='ltr'>ὅ</span> <span class='ocrx_word' id='word_1_145' title='bbox 684 2182 755 2250; x_wconf 79' lang='grc' dir='ltr'><em>ἐστι</em></span> <span class='ocrx_word' id='word_1_146' title='bbox 775 2189 834 2272; x_wconf 79' lang='grc' dir='ltr'><strong>τῆς</strong></span> <span class='ocrx_word' id='word_1_147' title='bbox 851 2178 967 2262; x_wconf 79' lang='grc' dir='ltr'><em>Ἀσέας</em></span> <span class='ocrx_word' id='word_1_148' title='bbox 989 2183 1023 2250; x_wconf 77' lang='grc' dir='ltr'><strong>ἓν</strong></span> <span class='ocrx_word' id='word_1_149' title='bbox 1045 2188 1085 2271; x_wconf 76' lang='grc' dir='ltr'><strong>τῇ</strong></span> <span class='ocrx_word' id='word_1_150' title='bbox 1102 2177 1296 2272; x_wconf 77' lang='grc' dir='ltr'><em>Ἀργινούσῃ</em></span> <span class='ocrx_word' id='word_1_151' title='bbox 1315 2235 1322 2250; x_wconf 94' lang='grc'>.</span> <span class='ocrx_word' id='word_1_152' title='bbox 1339 2235 1347 2250; x_wconf 94' lang='grc'><strong>.</strong></span> <span class='ocrx_word' id='word_1_153' title='bbox 1364 2237 1371 2251; x_wconf 94' lang='grc'><strong>.</strong></span> <span class='ocrx_word' id='word_1_154' title='bbox 1389 2185 1422 2250; x_wconf 84' lang='grc' dir='ltr'><strong>αἱ</strong></span> 
     </span>
     <span class='ocr_line' id='line_1_19' title="bbox 273 2271 1421 2374; baseline -0.001 -22"><span class='ocrx_word' id='word_1_155' title='bbox 273 2286 396 2374; x_wconf 71' lang='grc' dir='ltr'><em>ἔλαφοι</em></span> <span class='ocrx_word' id='word_1_156' title='bbox 418 2289 528 2352; x_wconf 78' lang='grc' dir='ltr'><em>πᾶσαι</em></span> <span class='ocrx_word' id='word_1_157' title='bbox 549 2283 593 2351; x_wconf 80' lang='grc' dir='ltr'><strong>τὸ</strong></span> <span class='ocrx_word' id='word_1_158' title='bbox 618 2271 687 2362; x_wconf 67' lang='grc' dir='ltr'><strong>οὖς</strong></span> <span class='ocrx_word' id='word_1_159' title='bbox 710 2284 953 2371; x_wconf 76' lang='grc' dir='ltr'><em>ἐσχισμένον</em></span> <span class='ocrx_word' id='word_1_160' title='bbox 976 2286 1076 2366; x_wconf 85' lang='grc' dir='ltr'><em>εἰσίν,</em></span> <span class='ocrx_word' id='word_1_161' title='bbox 1101 2278 1186 2350; x_wconf 76' lang='grc' dir='ltr'><em>ὥστε</em></span> <span class='ocrx_word' id='word_1_162' title='bbox 1208 2275 1268 2351; x_wconf 70' lang='grc' dir='ltr'><strong>κᾶν</strong></span> <span class='ocrx_word' id='word_1_163' title='bbox 1291 2283 1421 2351; x_wconf 77' lang='grc' dir='ltr'><em>ἐκτοπί-</em></span> 
     </span>
     <span class='ocr_line' id='line_1_20' title="bbox 274 2387 1420 2474; baseline -0.002 -20"><span class='ocrx_word' id='word_1_164' title='bbox 274 2410 359 2455; x_wconf 89' lang='grc' dir='ltr'><em>σωσι</em></span> <span class='ocrx_word' id='word_1_165' title='bbox 373 2387 600 2474; x_wconf 75' lang='grc' dir='ltr'><em>γινώσκεσθαι</em></span> <span class='ocrx_word' id='word_1_166' title='bbox 615 2387 722 2474; x_wconf 78' lang='grc' dir='ltr'><em>τούτῳ</em></span> <span class='ocrx_word' id='word_1_167' title='bbox 740 2389 806 2453; x_wconf 78' lang='grc' dir='ltr'><em>κτλ.</em></span> <span class='ocrx_word' id='word_1_168' title='bbox 816 2395 846 2472; x_wconf 88' lang='lat'><strong>¹),</strong></span> <span class='ocrx_word' id='word_1_169' title='bbox 870 2395 968 2472; x_wconf 81' lang='lat' dir='ltr'><strong>atque</strong></span> <span class='ocrx_word' id='word_1_170' title='bbox 982 2389 1062 2455; x_wconf 88' lang='lat' dir='ltr'><strong>Plin.</strong></span> <span class='ocrx_word' id='word_1_171' title='bbox 1079 2389 1152 2454; x_wconf 85' lang='lat' dir='ltr'><strong>hist.</strong></span> <span class='ocrx_word' id='word_1_172' title='bbox 1168 2394 1232 2453; x_wconf 88' lang='lat' dir='ltr'><strong>nat.</strong></span> <span class='ocrx_word' id='word_1_173' title='bbox 1248 2389 1334 2473; x_wconf 86' lang='lat' dir='ltr'>VIII,</span> <span class='ocrx_word' id='word_1_174' title='bbox 1348 2391 1420 2453; x_wconf 80' lang='lat'><strong>225:</strong></span> 
     </span>
     <span class='ocr_line' id='line_1_21' title="bbox 271 2486 1421 2575; baseline -0.003 -19"><span class='ocrx_word' id='word_1_175' title='bbox 271 2486 317 2556; x_wconf 92' lang='lat' dir='ltr'><strong>‘in</strong></span> <span class='ocrx_word' id='word_1_176' title='bbox 339 2491 547 2575; x_wconf 91' lang='lat' dir='ltr'><strong>Hellesponto</strong></span> <span class='ocrx_word' id='word_1_177' title='bbox 570 2490 608 2554; x_wconf 94' lang='lat' dir='ltr'><strong>in</strong></span> <span class='ocrx_word' id='word_1_178' title='bbox 630 2490 789 2556; x_wconf 90' lang='lat' dir='ltr'><strong>alienos</strong></span> <span class='ocrx_word' id='word_1_179' title='bbox 811 2491 920 2557; x_wconf 86' lang='lat' dir='ltr'><strong>fines</strong></span> <span class='ocrx_word' id='word_1_180' title='bbox 942 2510 1021 2568; x_wconf 83' lang='lat' dir='ltr'><strong>non</strong></span> <span class='ocrx_word' id='word_1_181' title='bbox 1041 2495 1257 2556; x_wconf 87' lang='lat' dir='ltr'><strong>conmeant</strong></span> <span class='ocrx_word' id='word_1_182' title='bbox 1285 2489 1371 2556; x_wconf 89' lang='lat' dir='ltr'><strong>cerui</strong></span> <span class='ocrx_word' id='word_1_183' title='bbox 1392 2495 1421 2556; x_wconf 90' lang='lat' dir='ltr'><strong>et</strong></span> 
     </span>
     <span class='ocr_line' id='line_1_22' title="bbox 273 2590 1421 2677; baseline -0.001 -18"><span class='ocrx_word' id='word_1_184' title='bbox 273 2592 358 2659; x_wconf 89' lang='lat' dir='ltr'><strong>circa</strong></span> <span class='ocrx_word' id='word_1_185' title='bbox 379 2591 586 2676; x_wconf 81' lang='lat' dir='ltr'><strong>Arginussam</strong></span> <span class='ocrx_word' id='word_1_186' title='bbox 609 2592 769 2677; x_wconf 85' lang='lat' dir='ltr'><strong>Elaphum</strong></span> <span class='ocrx_word' id='word_1_187' title='bbox 794 2599 932 2660; x_wconf 83' lang='lat' dir='ltr'><strong>montem</strong></span> <span class='ocrx_word' id='word_1_188' title='bbox 962 2613 1023 2658; x_wconf 93' lang='lat' dir='ltr'><strong>non</strong></span> <span class='ocrx_word' id='word_1_189' title='bbox 1053 2590 1227 2675; x_wconf 87' lang='lat' dir='ltr'><strong>excedunt,</strong></span> <span class='ocrx_word' id='word_1_190' title='bbox 1257 2591 1421 2658; x_wconf 87' lang='lat' dir='ltr'><strong>auribus</strong></span> 
     </span>
     <span class='ocr_line' id='line_1_23' title="bbox 274 2684 1421 2777; baseline -0.003 -15"><span class='ocrx_word' id='word_1_191' title='bbox 274 2694 399 2762; x_wconf 88' lang='lat' dir='ltr'><strong>etiam</strong></span> <span class='ocrx_word' id='word_1_192' title='bbox 420 2693 459 2759; x_wconf 93' lang='lat' dir='ltr'><strong>in</strong></span> <span class='ocrx_word' id='word_1_193' title='bbox 482 2699 614 2760; x_wconf 90' lang='lat' dir='ltr'><strong>monte</strong></span> <span class='ocrx_word' id='word_1_194' title='bbox 636 2684 764 2760; x_wconf 84' lang='lat' dir='ltr'><strong>fissis&#39;</strong></span> <span class='ocrx_word' id='word_1_195' title='bbox 792 2729 831 2738; x_wconf 98' lang='lat'>-</span> <span class='ocrx_word' id='word_1_196' title='bbox 855 2693 969 2775; x_wconf 92' lang='lat' dir='ltr'><strong>quibus</strong></span> <span class='ocrx_word' id='word_1_197' title='bbox 991 2695 1070 2760; x_wconf 91' lang='lat' dir='ltr'><strong>locis</strong></span> <span class='ocrx_word' id='word_1_198' title='bbox 1093 2714 1144 2761; x_wconf 90' lang='lat' dir='ltr'><strong>res</strong></span> <span class='ocrx_word' id='word_1_199' title='bbox 1173 2693 1369 2777; x_wconf 90' lang='lat' dir='ltr'><strong>probabilior</strong></span> <span class='ocrx_word' id='word_1_200' title='bbox 1390 2699 1421 2758; x_wconf 91' lang='lat' dir='ltr'><strong>ut</strong></span> 
     </span>
     <span class='ocr_line' id='line_1_24' title="bbox 271 2793 1419 2878; baseline -0.002 -18"><span class='ocrx_word' id='word_1_201' title='bbox 271 2795 361 2862; x_wconf 87' lang='lat' dir='ltr'><strong>fieret</strong></span> <span class='ocrx_word' id='word_1_202' title='bbox 383 2815 440 2878; x_wconf 91' lang='lat' dir='ltr'><strong>pro</strong></span> <span class='ocrx_word' id='word_1_203' title='bbox 463 2796 565 2862; x_wconf 87' lang='lat' dir='ltr'><strong>altera</strong></span> <span class='ocrx_word' id='word_1_204' title='bbox 587 2813 663 2860; x_wconf 91' lang='lat' dir='ltr'><strong>aure</strong></span> <span class='ocrx_word' id='word_1_205' title='bbox 685 2794 785 2860; x_wconf 89' lang='lat' dir='ltr'><strong>scissa</strong></span> <span class='ocrx_word' id='word_1_206' title='bbox 806 2795 921 2860; x_wconf 89' lang='lat' dir='ltr'><strong>ambae</strong></span> <span class='ocrx_word' id='word_1_207' title='bbox 939 2815 1032 2861; x_wconf 87' lang='lat' dir='ltr'><strong>aures</strong></span> <span class='ocrx_word' id='word_1_208' title='bbox 1047 2795 1167 2862; x_wconf 88' lang='lat' dir='ltr'><strong>scissae</strong></span> <span class='ocrx_word' id='word_1_209' title='bbox 1183 2800 1256 2865; x_wconf 90' lang='lat' dir='ltr'><strong>sunt</strong></span> <span class='ocrx_word' id='word_1_210' title='bbox 1271 2793 1419 2860; x_wconf 89' lang='lat' dir='ltr'><strong>substitu-</strong></span> 
     </span>
     <span class='ocr_line' id='line_1_25' title="bbox 272 2889 1421 2977; baseline -0.004 -15"><span class='ocrx_word' id='word_1_211' title='bbox 272 2903 324 2962; x_wconf 90' lang='lat' dir='ltr'><strong>tae</strong></span> <span class='ocrx_word' id='word_1_212' title='bbox 340 2932 381 2941; x_wconf 94' lang='lat'><em>-</em></span> <span class='ocrx_word' id='word_1_213' title='bbox 396 2901 428 2960; x_wconf 90' lang='lat' dir='ltr'><strong>et</strong></span> <span class='ocrx_word' id='word_1_214' title='bbox 442 2897 499 2977; x_wconf 90' lang='grc' dir='ltr'><strong>ΧΙ,</strong></span> <span class='ocrx_word' id='word_1_215' title='bbox 517 2900 594 2960; x_wconf 85' lang='lat'>136:</span> <span class='ocrx_word' id='word_1_216' title='bbox 607 2889 760 2961; x_wconf 78' lang='lat' dir='ltr'><strong>‘aures</strong></span> <span class='ocrx_word' id='word_1_217' title='bbox 780 2944 786 2958; x_wconf 93' lang='lat'><em>.</em></span> <span class='ocrx_word' id='word_1_218' title='bbox 806 2945 812 2960; x_wconf 91' lang='lat'><em>.</em></span> <span class='ocrx_word' id='word_1_219' title='bbox 830 2895 931 2961; x_wconf 92' lang='lat' dir='ltr'><strong>ceruis</strong></span> <span class='ocrx_word' id='word_1_220' title='bbox 947 2901 1070 2962; x_wconf 87' lang='lat' dir='ltr'><strong>tantum</strong></span> <span class='ocrx_word' id='word_1_221' title='bbox 1086 2896 1231 2962; x_wconf 89' lang='lat' dir='ltr'><strong>scissae</strong></span> <span class='ocrx_word' id='word_1_222' title='bbox 1253 2914 1295 2960; x_wconf 93' lang='lat' dir='ltr'><strong>ac</strong></span> <span class='ocrx_word' id='word_1_223' title='bbox 1317 2895 1421 2962; x_wconf 91' lang='lat' dir='ltr'><strong>uelut</strong></span> 
     </span>
     <span class='ocr_line' id='line_1_26' title="bbox 271 2988 1420 3081; baseline -0.002 -18"><span class='ocrx_word' id='word_1_224' title='bbox 271 2988 445 3063; x_wconf 85' lang='lat' dir='ltr'><strong>diuisae&#39;</strong></span> <span class='ocrx_word' id='word_1_225' title='bbox 465 2997 576 3062; x_wconf 91' lang='lat' dir='ltr'><strong>-ubi</strong></span> <span class='ocrx_word' id='word_1_226' title='bbox 597 2996 768 3081; x_wconf 86' lang='lat' dir='ltr'><strong>singularis</strong></span> <span class='ocrx_word' id='word_1_227' title='bbox 790 2995 848 3062; x_wconf 87' lang='lat' dir='ltr'><strong>illa</strong></span> <span class='ocrx_word' id='word_1_228' title='bbox 866 2998 1044 3081; x_wconf 86' lang='lat' dir='ltr'><strong>proprietas</strong></span> <span class='ocrx_word' id='word_1_229' title='bbox 1059 2997 1206 3063; x_wconf 91' lang='lat' dir='ltr'><strong>omnibus</strong></span> <span class='ocrx_word' id='word_1_230' title='bbox 1221 2997 1324 3063; x_wconf 90' lang='lat' dir='ltr'><strong>ceruis</strong></span> <span class='ocrx_word' id='word_1_231' title='bbox 1340 2996 1420 3062; x_wconf 88' lang='lat' dir='ltr'><strong>falso</strong></span> 
     </span>
     <span class='ocr_line' id='line_1_27' title="bbox 271 3097 1419 3181; baseline 0 -17"><span class='ocrx_word' id='word_1_232' title='bbox 271 3097 462 3181; x_wconf 69' lang='grc'>1111111111).</span> <span class='ocrx_word' id='word_1_233' title='bbox 497 3097 659 3181; x_wconf 84' lang='grc' dir='ltr'>Μ1111111,</span> <span class='ocrx_word' id='word_1_234' title='bbox 683 3116 766 3179; x_wconf 91' lang='lat' dir='ltr'><strong>quae</strong></span> <span class='ocrx_word' id='word_1_235' title='bbox 782 3097 924 3164; x_wconf 86' lang='lat' dir='ltr'><strong>decerni</strong></span> <span class='ocrx_word' id='word_1_236' title='bbox 946 3099 1048 3165; x_wconf 88' lang='lat' dir='ltr'><strong>altera</strong></span> <span class='ocrx_word' id='word_1_237' title='bbox 1070 3119 1147 3166; x_wconf 87' lang='lat' dir='ltr'><strong>aure</strong></span> <span class='ocrx_word' id='word_1_238' title='bbox 1169 3099 1270 3166; x_wconf 87' lang='lat' dir='ltr'><strong>scissa</strong></span> <span class='ocrx_word' id='word_1_239' title='bbox 1292 3118 1419 3165; x_wconf 87' lang='lat' dir='ltr'><strong>narran-</strong></span> 
     </span>
     <span class='ocr_line' id='line_1_28' title="bbox 271 3192 1417 3286; baseline -0.002 -22"><span class='ocrx_word' id='word_1_240' title='bbox 271 3207 331 3284; x_wconf 90' lang='lat' dir='ltr'><strong>tur,</strong></span> <span class='ocrx_word' id='word_1_241' title='bbox 354 3219 395 3264; x_wconf 88' lang='lat' dir='ltr'><strong>ex</strong></span> <span class='ocrx_word' id='word_1_242' title='bbox 409 3200 471 3265; x_wconf 88' lang='lat' dir='ltr'><strong>hac</strong></span> <span class='ocrx_word' id='word_1_243' title='bbox 485 3198 595 3265; x_wconf 87' lang='lat' dir='ltr'><strong>fabula</strong></span> <span class='ocrx_word' id='word_1_244' title='bbox 613 3199 729 3264; x_wconf 88' lang='lat' dir='ltr'><strong>hausta</strong></span> <span class='ocrx_word' id='word_1_245' title='bbox 751 3217 821 3265; x_wconf 88' lang='lat' dir='ltr'><strong>esse</strong></span> <span class='ocrx_word' id='word_1_246' title='bbox 843 3196 942 3282; x_wconf 80' lang='grc'>(01.1.</span> <span class='ocrx_word' id='word_1_247' title='bbox 960 3192 1111 3265; x_wconf 50' lang='grc'>101111</span> <span class='ocrx_word' id='word_1_248' title='bbox 1132 3196 1318 3286; x_wconf 78' lang='grc' dir='ltr'><em>ἐσπάραξεν</em></span> <span class='ocrx_word' id='word_1_249' title='bbox 1334 3205 1366 3267; x_wconf 91' lang='lat' dir='ltr'><strong>et</strong></span> <span class='ocrx_word' id='word_1_250' title='bbox 1382 3203 1417 3262; x_wconf 87' lang='grc'><strong>11</strong></span> 
     </span>
    </p>
   </div>
   <div class='ocr_carea' id='block_1_3' title="bbox 268 3364 1446 4193">
    <p class='ocr_par' dir='ltr' id='par_1_4' title="bbox 268 3364 1420 4026">
     <span class='ocr_line' id='line_1_29' title="bbox 357 3364 1418 3435; baseline 0.002 -17"><span class='ocrx_word' id='word_1_251' title='bbox 357 3369 381 3432; x_wconf 87' lang='grc'><strong>1)</strong></span> <span class='ocrx_word' id='word_1_252' title='bbox 400 3364 476 3419; x_wconf 88' lang='lat' dir='ltr'><strong>Talia</strong></span> <span class='ocrx_word' id='word_1_253' title='bbox 499 3364 573 3432; x_wconf 89' lang='lat' dir='ltr'><strong>apud</strong></span> <span class='ocrx_word' id='word_1_254' title='bbox 593 3365 682 3433; x_wconf 89' lang='lat' dir='ltr'><strong>ipsum</strong></span> <span class='ocrx_word' id='word_1_255' title='bbox 700 3365 872 3420; x_wconf 85' lang='lat' dir='ltr'><strong>Aristotelem</strong></span> <span class='ocrx_word' id='word_1_256' title='bbox 897 3365 1085 3428; x_wconf 87' lang='lat' dir='ltr'><strong>inuenirinon</strong></span> <span class='ocrx_word' id='word_1_257' title='bbox 1099 3366 1255 3432; x_wconf 84' lang='lat' dir='ltr'><strong>miraberis,</strong></span> <span class='ocrx_word' id='word_1_258' title='bbox 1280 3367 1304 3420; x_wconf 91' lang='lat' dir='ltr'><strong>si</strong></span> <span class='ocrx_word' id='word_1_259' title='bbox 1322 3367 1418 3435; x_wconf 90' lang='lat' dir='ltr'><strong>quibus</strong></span> 
     </span>
     <span class='ocr_line' id='line_1_30' title="bbox 271 3448 1419 3521; baseline -0.001 -17"><span class='ocrx_word' id='word_1_260' title='bbox 271 3450 398 3506; x_wconf 89' lang='lat' dir='ltr'><strong>subsidiis</strong></span> <span class='ocrx_word' id='word_1_261' title='bbox 422 3465 490 3519; x_wconf 86' lang='lat' dir='ltr'><strong>opus</strong></span> <span class='ocrx_word' id='word_1_262' title='bbox 513 3465 591 3504; x_wconf 88' lang='lat' dir='ltr'><strong>suum</strong></span> <span class='ocrx_word' id='word_1_263' title='bbox 615 3448 661 3503; x_wconf 94' lang='lat' dir='ltr'><strong>ille</strong></span> <span class='ocrx_word' id='word_1_264' title='bbox 684 3449 829 3518; x_wconf 85' lang='lat' dir='ltr'><strong>perfecerit</strong></span> <span class='ocrx_word' id='word_1_265' title='bbox 846 3452 937 3504; x_wconf 89' lang='lat' dir='ltr'><strong>tecum</strong></span> <span class='ocrx_word' id='word_1_266' title='bbox 954 3451 1134 3518; x_wconf 89' lang='lat' dir='ltr'><strong>reputaueris.</strong></span> <span class='ocrx_word' id='word_1_267' title='bbox 1171 3450 1265 3518; x_wconf 81' lang='lat' dir='ltr'><strong>Quode</strong></span> <span class='ocrx_word' id='word_1_268' title='bbox 1282 3452 1312 3505; x_wconf 92' lang='lat' dir='ltr'><strong>in</strong></span> <span class='ocrx_word' id='word_1_269' title='bbox 1329 3452 1419 3521; x_wconf 87' lang='lat' dir='ltr'><strong>primis</strong></span> 
     </span>
     <span class='ocr_line' id='line_1_31' title="bbox 271 3530 1420 3604; baseline -0.002 -14"><span class='ocrx_word' id='word_1_270' title='bbox 271 3533 454 3590; x_wconf 89' lang='lat' dir='ltr'><strong>consulendus</strong></span> <span class='ocrx_word' id='word_1_271' title='bbox 473 3537 514 3588; x_wconf 89' lang='lat' dir='ltr'><strong>est</strong></span> <span class='ocrx_word' id='word_1_272' title='bbox 531 3532 634 3588; x_wconf 85' lang='lat' dir='ltr'><strong>Plinius</strong></span> <span class='ocrx_word' id='word_1_273' title='bbox 652 3549 678 3587; x_wconf 91' lang='lat' dir='ltr'><strong>n.</strong></span> <span class='ocrx_word' id='word_1_274' title='bbox 695 3533 721 3588; x_wconf 93' lang='lat' dir='ltr'><strong>h.</strong></span> <span class='ocrx_word' id='word_1_275' title='bbox 733 3533 807 3601; x_wconf 89' lang='lat' dir='ltr'><strong>Vlll,</strong></span> <span class='ocrx_word' id='word_1_276' title='bbox 820 3539 862 3588; x_wconf 78' lang='lat' dir='ltr'><strong>tl:</strong></span> <span class='ocrx_word' id='word_1_277' title='bbox 881 3530 1046 3590; x_wconf 86' lang='lat' dir='ltr'><strong>‘Alexandro</strong></span> <span class='ocrx_word' id='word_1_278' title='bbox 1057 3576 1064 3589; x_wconf 88' lang='lat'><strong>.</strong></span> <span class='ocrx_word' id='word_1_279' title='bbox 1076 3577 1082 3589; x_wconf 90' lang='lat'>.</span> <span class='ocrx_word' id='word_1_280' title='bbox 1095 3577 1101 3591; x_wconf 93' lang='lat'><strong>.</strong></span> <span class='ocrx_word' id='word_1_281' title='bbox 1112 3535 1277 3591; x_wconf 85' lang='lat' dir='ltr'><strong>inflammato</strong></span> <span class='ocrx_word' id='word_1_282' title='bbox 1296 3535 1420 3604; x_wconf 88' lang='lat' dir='ltr'><strong>cupidine</strong></span> 
     </span>
     <span class='ocr_line' id='line_1_32' title="bbox 270 3617 1418 3688; baseline 0 -14"><span class='ocrx_word' id='word_1_283' title='bbox 270 3619 426 3674; x_wconf 84' lang='lat' dir='ltr'><strong>animalium</strong></span> <span class='ocrx_word' id='word_1_284' title='bbox 443 3621 555 3672; x_wconf 86' lang='lat' dir='ltr'><strong>naturas</strong></span> <span class='ocrx_word' id='word_1_285' title='bbox 574 3617 703 3672; x_wconf 90' lang='lat' dir='ltr'><strong>noscendi</strong></span> <span class='ocrx_word' id='word_1_286' title='bbox 721 3617 898 3688; x_wconf 82' lang='lat' dir='ltr'><strong>delegataque</strong></span> <span class='ocrx_word' id='word_1_287' title='bbox 915 3618 968 3673; x_wconf 87' lang='lat' dir='ltr'><strong>hac</strong></span> <span class='ocrx_word' id='word_1_288' title='bbox 980 3620 1205 3674; x_wconf 87' lang='lat' dir='ltr'><strong>commentatione</strong></span> <span class='ocrx_word' id='word_1_289' title='bbox 1217 3619 1373 3674; x_wconf 88' lang='lat' dir='ltr'><strong>Aristoteli.</strong></span> <span class='ocrx_word' id='word_1_290' title='bbox 1386 3660 1391 3672; x_wconf 90' lang='lat'><em>.</em></span> <span class='ocrx_word' id='word_1_291' title='bbox 1404 3659 1418 3685; x_wconf 91' lang='lat'><strong>.‚</strong></span> 
     </span>
     <span class='ocr_line' id='line_1_33' title="bbox 270 3701 1420 3774; baseline -0.002 -16"><span class='ocrx_word' id='word_1_292' title='bbox 270 3705 373 3772; x_wconf 88' lang='lat' dir='ltr'><strong>aliquot</strong></span> <span class='ocrx_word' id='word_1_293' title='bbox 394 3703 468 3757; x_wconf 86' lang='lat' dir='ltr'><strong>milia</strong></span> <span class='ocrx_word' id='word_1_294' title='bbox 492 3702 629 3757; x_wconf 90' lang='lat' dir='ltr'><strong>hominum</strong></span> <span class='ocrx_word' id='word_1_295' title='bbox 651 3701 680 3756; x_wconf 92' lang='lat' dir='ltr'><strong>in</strong></span> <span class='ocrx_word' id='word_1_296' title='bbox 703 3701 787 3757; x_wconf 82' lang='lat' dir='ltr'><strong>totius</strong></span> <span class='ocrx_word' id='word_1_297' title='bbox 805 3703 887 3758; x_wconf 87' lang='lat' dir='ltr'><strong>Asiae</strong></span> <span class='ocrx_word' id='word_1_298' title='bbox 910 3703 1092 3774; x_wconf 82' lang='lat' dir='ltr'><strong>Graeciaeque</strong></span> <span class='ocrx_word' id='word_1_299' title='bbox 1116 3707 1206 3759; x_wconf 89' lang='lat' dir='ltr'><strong>tractu</strong></span> <span class='ocrx_word' id='word_1_300' title='bbox 1230 3719 1326 3774; x_wconf 89' lang='lat' dir='ltr'><strong>parere</strong></span> <span class='ocrx_word' id='word_1_301' title='bbox 1347 3705 1420 3758; x_wconf 88' lang='lat' dir='ltr'><strong>iussa</strong></span> 
     </span>
     <span class='ocr_line' id='line_1_34' title="bbox 270 3787 1418 3858; baseline -0.001 -15"><span class='ocrx_word' id='word_1_302' title='bbox 270 3789 403 3854; x_wconf 90' lang='lat' dir='ltr'><strong>omnium,</strong></span> <span class='ocrx_word' id='word_1_303' title='bbox 427 3801 496 3856; x_wconf 92' lang='lat' dir='ltr'><strong>quos</strong></span> <span class='ocrx_word' id='word_1_304' title='bbox 514 3792 644 3855; x_wconf 88' lang='lat' dir='ltr'><strong>uenatus,</strong></span> <span class='ocrx_word' id='word_1_305' title='bbox 669 3787 798 3856; x_wconf 87' lang='lat' dir='ltr'><strong>aucupia,</strong></span> <span class='ocrx_word' id='word_1_306' title='bbox 816 3788 992 3857; x_wconf 88' lang='lat' dir='ltr'><strong>piscatusque</strong></span> <span class='ocrx_word' id='word_1_307' title='bbox 1009 3789 1125 3855; x_wconf 87' lang='lat' dir='ltr'><strong>alebant,</strong></span> <span class='ocrx_word' id='word_1_308' title='bbox 1141 3789 1293 3858; x_wconf 86' lang='lat' dir='ltr'><strong>quibusque</strong></span> <span class='ocrx_word' id='word_1_309' title='bbox 1305 3788 1418 3854; x_wconf 85' lang='lat' dir='ltr'><strong>uinaria,</strong></span> 
     </span>
     <span class='ocr_line' id='line_1_35' title="bbox 269 3871 1418 3942; baseline 0 -14"><span class='ocrx_word' id='word_1_310' title='bbox 269 3875 399 3938; x_wconf 82' lang='lat' dir='ltr'><strong>armenta,</strong></span> <span class='ocrx_word' id='word_1_311' title='bbox 418 3872 539 3927; x_wconf 81' lang='lat' dir='ltr'><strong>uiuearia</strong></span> <span class='ocrx_word' id='word_1_312' title='bbox 554 3911 561 3924; x_wconf 91' lang='lat'><strong>.</strong></span> <span class='ocrx_word' id='word_1_313' title='bbox 576 3912 582 3924; x_wconf 93' lang='lat'><strong>.</strong></span> <span class='ocrx_word' id='word_1_314' title='bbox 596 3911 602 3924; x_wconf 91' lang='lat'>.</span> <span class='ocrx_word' id='word_1_315' title='bbox 618 3871 647 3926; x_wconf 93' lang='lat' dir='ltr'><strong>in</strong></span> <span class='ocrx_word' id='word_1_316' title='bbox 665 3887 731 3926; x_wconf 86' lang='lat' dir='ltr'><strong>cura</strong></span> <span class='ocrx_word' id='word_1_317' title='bbox 749 3875 828 3926; x_wconf 81' lang='lat' dir='ltr'><strong>erant</strong></span> <span class='ocrx_word' id='word_1_318' title='bbox 843 3913 850 3926; x_wconf 87' lang='lat'><em>.</em></span> <span class='ocrx_word' id='word_1_319' title='bbox 864 3911 891 3926; x_wconf 92' lang='lat'><strong>..</strong></span> <span class='ocrx_word' id='word_1_320' title='bbox 928 3871 1002 3939; x_wconf 82' lang='lat' dir='ltr'><strong>Quos</strong></span> <span class='ocrx_word' id='word_1_321' title='bbox 1020 3871 1206 3941; x_wconf 86' lang='lat' dir='ltr'><strong>percontando</strong></span> <span class='ocrx_word' id='word_1_322' title='bbox 1225 3873 1418 3942; x_wconf 79' lang='lat' dir='ltr'><strong>quinquaginta</strong></span> 
     </span>
     <span class='ocr_line' id='line_1_36' title="bbox 268 3952 1416 4026; baseline -0.001 -16"><span class='ocrx_word' id='word_1_323' title='bbox 268 3956 353 4012; x_wconf 85' lang='lat' dir='ltr'><strong>ferme</strong></span> <span class='ocrx_word' id='word_1_324' title='bbox 365 3957 501 4012; x_wconf 88' lang='lat' dir='ltr'><strong>uolumina</strong></span> <span class='ocrx_word' id='word_1_325' title='bbox 512 3997 518 4010; x_wconf 88' lang='lat'>.</span> <span class='ocrx_word' id='word_1_326' title='bbox 530 3996 536 4010; x_wconf 89' lang='lat'>.</span> <span class='ocrx_word' id='word_1_327' title='bbox 549 3998 554 4010; x_wconf 93' lang='lat'>.</span> <span class='ocrx_word' id='word_1_328' title='bbox 565 3957 598 4012; x_wconf 85' lang='lat' dir='ltr'><strong>de</strong></span> <span class='ocrx_word' id='word_1_329' title='bbox 616 3957 776 4012; x_wconf 89' lang='lat' dir='ltr'><strong>animalibus</strong></span> <span class='ocrx_word' id='word_1_330' title='bbox 796 3952 936 4012; x_wconf 85' lang='lat' dir='ltr'><strong>condidit’.</strong></span> <span class='ocrx_word' id='word_1_331' title='bbox 965 3955 1107 4022; x_wconf 78' lang='grc'>0111111,</span> <span class='ocrx_word' id='word_1_332' title='bbox 1125 3956 1284 4012; x_wconf 82' lang='lat' dir='ltr'><strong>Aristotelia</strong></span> <span class='ocrx_word' id='word_1_333' title='bbox 1296 3957 1310 4011; x_wconf 94' lang='lat'>1</span> <span class='ocrx_word' id='word_1_334' title='bbox 1323 3973 1350 4026; x_wconf 88' lang='lat' dir='ltr'><strong>p.</strong></span> <span class='ocrx_word' id='word_1_335' title='bbox 1364 3961 1416 4011; x_wconf 86' lang='grc'>116.</span> 
     </span>
    </p>

    <p class='ocr_par' dir='ltr' id='par_1_5' title="bbox 269 4037 1446 4193">
     <span class='ocr_line' id='line_1_37' title="bbox 354 4037 1418 4112; baseline 0 -18"><span class='ocrx_word' id='word_1_336' title='bbox 354 4039 437 4106; x_wconf 73' lang='grc'>1101.</span> <span class='ocrx_word' id='word_1_337' title='bbox 461 4040 603 4112; x_wconf 82' lang='lat' dir='ltr'><strong>Montigny</strong></span> <span class='ocrx_word' id='word_1_338' title='bbox 625 4037 806 4110; x_wconf 88' lang='lat' dir='ltr'><strong>‘quaestiones</strong></span> <span class='ocrx_word' id='word_1_339' title='bbox 832 4040 860 4094; x_wconf 91' lang='lat' dir='ltr'><strong>in</strong></span> <span class='ocrx_word' id='word_1_340' title='bbox 885 4040 967 4094; x_wconf 87' lang='lat' dir='ltr'><strong>Plinii</strong></span> <span class='ocrx_word' id='word_1_341' title='bbox 990 4046 1047 4095; x_wconf 88' lang='lat' dir='ltr'><strong>nat.</strong></span> <span class='ocrx_word' id='word_1_342' title='bbox 1066 4040 1129 4094; x_wconf 89' lang='lat' dir='ltr'><strong>hist.</strong></span> <span class='ocrx_word' id='word_1_343' title='bbox 1148 4041 1182 4095; x_wconf 90' lang='lat' dir='ltr'><strong>de</strong></span> <span class='ocrx_word' id='word_1_344' title='bbox 1206 4041 1366 4096; x_wconf 86' lang='lat' dir='ltr'><strong>animalibus</strong></span> <span class='ocrx_word' id='word_1_345' title='bbox 1388 4042 1418 4095; x_wconf 92' lang='lat' dir='ltr'><strong>li·</strong></span> 
     </span>
     <span class='ocr_line' id='line_1_38' title="bbox 269 4119 1446 4193; baseline -0.002 -13"><span class='ocrx_word' id='word_1_346' title='bbox 269 4119 345 4180; x_wconf 85' lang='lat' dir='ltr'><strong>bros’</strong></span> <span class='ocrx_word' id='word_1_347' title='bbox 365 4140 392 4193; x_wconf 85' lang='lat' dir='ltr'><strong>p.</strong></span> <span class='ocrx_word' id='word_1_348' title='bbox 405 4127 446 4178; x_wconf 83' lang='lat'><strong>58.</strong></span> <span class='ocrx_word' id='word_1_349' title='bbox 1444 4127 1446 4131; x_wconf 80' lang='grc'><strong>’</strong></span> 
     </span>
    </p>
   </div>
   <div class='ocr_carea' id='block_1_4' title="bbox 0 0 1564 4870">
    <p class='ocr_par' dir='ltr' id='par_1_6' title="bbox 0 0 1564 4870">
     <span class='ocr_line' id='line_1_39' title="bbox 0 0 1564 4870; baseline 0 2"><span class='ocrx_word' id='word_1_350' title='bbox 0 0 1564 4870; x_wconf 95' lang='lat' dir='ltr'><strong> </strong></span> 
     </span>
    </p>
   </div>
  </div>
 </body>
</html>
