3138 4872
267 396 330 458 164
747 390 811 445 Otto
829 387 941 445 Orosius

353 566 499 635 Tandem
528 560 702 645 aliquando
732 578 773 626 ex
801 559 851 626 bis
874 559 1103 627 sententiarum
1124 557 1301 624 alienarum
1324 557 1415 640 quasi

267 670 415 738 fluctibus
431 665 637 751 emergimus:
661 663 726 729 iam
741 661 892 746 quidnam
916 661 977 745 ipsi
999 658 1042 724 ad
1063 659 1174 725 Babrii
1188 665 1330 726 aetatem
1348 679 1415 726 cer·

269 770 402 839 tionibus
424 768 541 835 finibus
564 762 883 833 circumscribendam
905 764 1048 828 conferre
1063 759 1222 845 possimus
1238 761 1415 828 uideamus.

268 873 409 940 Primum
431 875 538 938 autem
561 889 601 936 ex
624 885 688 949 qua
709 864 839 931 natione
861 868 948 930 ortus
977 863 1019 930 sit
1046 868 1144 947 poeta
1164 869 1199 928 ut
1220 863 1416 945 inquiramus

267 993 319 1042 rea
340 972 490 1057 postulat.

354 1072 448 1140 Metri
474 1067 629 1138 Babriaui
658 1068 836 1154 proprietas
868 1065 1008 1132 maxime
1040 1064 1193 1132 notabilis
1221 1066 1418 1150 paenultima

270 1181 319 1244 est
346 1179 478 1241 accentu
508 1173 677 1238 uerborum
706 1187 802 1251 quem
831 1167 941 1233 dicum
969 1169 1073 1251 elata,
1107 1174 1142 1234 ut
1168 1187 1308 1253 prooem.
1338 1168 1369 1251 1,
1400 1172 1416 1232 1

270 1283 301 1342 Γ
299 1273 371 1361 ever}
395 1274 532 1339 δικαίων
555 1258 594 1358 ἦν
615 1268 652 1335 τὸ
677 1273 811 1356 πρῶτον
836 1261 1039 1355 ἀνθρώπιον,
1062 1269 1126 1336 fab.
1150 1272 1233 1351 23‚7
1258 1265 1419 1355 δυστυχὴς

272 1370 303 1442 δ’
331 1373 514 1462 inopium:
549 1371 653 1455 quode
680 1391 789 1438 omnes
812 1372 929 1452 ubique
951 1370 1063 1437 Babrii
1091 1371 1194 1437 fontes
1217 1371 1419 1437 consentiunt

270 1484 398 1563 praeter
420 1475 627 1561 paucissimos
651 1473 770 1540 codicis
785 1471 814 1536 A
836 1474 924 1540 locos
943 1479 1054 1556 aperte
1071 1472 1124 1539 uel
1139 1478 1303 1555 corruptos
1319 1473 1371 1538 uel
1384 1471 1419 1536 in

272 1579 400 1646 breuius
416 1583 594 1644 contractos
607 1574 639 1660 ¹).
675 1575 745 1640 Iam
761 1574 815 1657 qui
829 1573 950 1658 primus
971 1573 1055 1639 haue
1076 1573 1181 1658 legem
1202 1574 1418 1657 inuestigauit,

272 1681 311 1746 H.
332 1680 368 1746 L.
384 1679 510 1746 Abrens
533 1676 588 1764 (de
603 1696 683 1744 oras.
700 1681 732 1743 et
754 1674 883 1760 aphaer.
899 1696 930 1759 p.
947 1674 1011 1758 31),
1033 1675 1183 1758 politicae
1199 1693 1295 1756 quam
1311 1674 1420 1742 dicunt

270 1783 378 1869 poesis
399 1781 492 1847 initia
512 1781 546 1846 iu
568 1799 607 1844 ea
629 1776 768 1862 spectari
790 1775 928 1842 censuit:
958 1795 1054 1856 quam
1076 1777 1268 1843 sententiam
1289 1776 1420 1862 plurimi

272 1884 373 1952 secuti
396 1888 468 1949 sunt
489 1881 550 1947 uiri
564 1878 659 1961 docti,
682 1878 770 1942 uelut
786 1879 824 1944 T.
839 1878 1054 1944 Mommsenus
1067 1869 1415 1945 ‘Acceutcholiambeu'

271 1985 388 2051 Philol.
403 1983 480 2049 XVI
502 2003 532 2066 p.
550 1983 607 2045 721
627 1997 707 2062 squ,
731 1978 927 2061 Hartungius
950 1979 999 2045 ed.
1022 1982 1120 2063 praef.
1137 2001 1167 2064 p.
1186 1985 1239 2063 15,
1262 1979 1419 2048 Eberhar-

273 2085 334 2151 dus
357 2084 407 2150 ed.
423 2082 523 2166 praef.
538 2101 570 2164 p.
586 2081 639 2162 IV,
661 2079 829 2163 Westphal
851 2099 897 2162 gr.
919 2079 1038 2146 Metrik
1058 2081 1114 2146 112
1135 2103 1165 2166 p.
1183 2086 1223 2146 54
1235 2080 1270 2164 ²).

360 2184 425 2250 Sed
440 2181 566 2249 etiamsi
577 2179 729 2247 Babrium
745 2181 797 2247 uel
811 2182 940 2247 ineunte
955 2181 1048 2248 tertio
1063 2203 1095 2266 p.
1108 2181 1179 2248 Chr.
1191 2203 1221 2248 n.
1234 2182 1362 2249 saeculo
1377 2217 1420 2226 -

276 2305 358 2370 quae
374 2285 487 2351 ultima
509 2288 558 2350 est
580 2289 670 2349 aetas
684 2289 814 2368 propter
829 2282 949 2348 Titiani
967 2289 999 2349 et
1013 2283 1161 2350 Dosithei
1175 2283 1356 2351 testimonia
1378 2318 1421 2352 -,

272 2387 417 2454 floruisse
439 2384 617 2467 statuimus,
641 2390 788 2467 quattuor
803 2389 912 2451 tamen
926 2384 1125 2450 intercedunt
1140 2385 1279 2469 saecula,
1299 2385 1332 2450 in
1349 2383 1418 2464 qui-

273 2491 332 2556 bus
353 2487 458 2552 simile
480 2485 560 2551 nihil
582 2488 615 2552 in
636 2486 727 2570 poesi
749 2485 874 2553 Graeca
895 2485 1093 2570 inueniatur3·
1121 2506 1196 2552 nam
1225 2484 1311 2568 quod
1332 2483 1420 2570 apud

274 2589 423 2655 Nonnum
444 2607 542 2673 saepe
564 2594 596 2655 et
617 2589 746 2673 saepius
769 2589 865 2654 etiam
888 2585 975 2672 apud
997 2586 1178 2654 OoMuthum
1201 2595 1233 2654 et
1254 2588 1420 2655 Musaeum

274 2689 460 2760 Nonnianos
489 2689 687 2774 paenultima
714 2688 893 2756 hexametri
922 2689 1051 2772 syllaba
1079 2694 1245 2755 accentum
1273 2688 1419 2774 habeti),

273 2792 308 2859 id
331 2792 480 2859 effectum
502 2811 565 2857 nou
587 2790 713 2857 uidetur
732 2784 893 2857 ‘accentus
916 2782 1133 2856 obseruantia'
1151 2825 1192 2835 -
1216 2810 1298 2872 quae
1321 2791 1420 2858 llber-

277 2893 371 2960 hardi
393 2899 441 2960 est
462 2893 622 2959 sententia
638 2892 705 2958 obs.
729 2911 759 2974 p.
777 2897 796 2954 4
818 2927 875 2974 -,
900 2891 959 2957 sed
980 2892 1053 2977 lege
1073 2892 1130 2956 illa
1151 2892 1255 2976 poetis
1281 2892 1421 2960 Nonnia-

272 2995 323 3062 nis
346 2993 503 3061 communi
524 2993 656 3060 ultimae
677 3011 788 3059 uersus
810 2992 956 3077 syllabae
977 2992 1217 3077 producendae,
1240 3013 1305 3075 qua
1326 3013 1419 3060 unca

275 3096 351 3161 bula
379 3099 639 3180 proparoxytona
664 3095 731 3160 fere
759 3094 866 3161 omnia
894 3113 914 3158 a
943 3111 1053 3160 uersus
1086 3093 1174 3160 exitu
1207 3097 1421 3162 excludeban-

362 3281 385 3342 1)
404 3277 445 3332 (tf.
463 3276 570 3330 Ahrens
588 3276 621 3330 de
640 3292 708 3331 eras.
718 3285 746 3331 et
763 3277 873 3345 aphaer.
884 3293 910 3345 p.
921 3280 951 3330 31
963 3292 1012 3344 sq„
1030 3276 1154 3332 Momma.
1164 3277 1181 3332 l.
1191 3293 1213 3333 s.
1224 3295 1246 3334 a.
1256 3295 1282 3348 p.
1294 3283 1342 3333 723
1353 3295 1421 3347 sqq„

273 3362 385 3418 Hertzb.
401 3379 427 3432 p.
445 3365 491 3414 114
501 3376 540 3428 sq.
576 3359 658 3429 Apud
675 3359 865 3418 Eberhardum
881 3361 1057 3416 inueniuntur
1075 3364 1121 3426 12,
1143 3367 1172 3416 18
1190 3378 1245 3418 nou
1263 3363 1421 3419 emendatus

272 3479 307 3488 -
324 3460 448 3517 propono
465 3443 503 3511 μὴ
520 3448 596 3496 σίνου
614 3443 661 3512 (μὴ
679 3442 801 3518 κρύψῃςῖ
820 3445 938 3501 formula
955 3445 1029 3514 apud
1045 3445 1077 3500 B.
1095 3445 1152 3501 fere
1170 3448 1305 3502 constanti
1321 3448 1350 3502 in
1368 3447 1422 3503 hac

272 3547 368 3588 uersus
387 3528 464 3594 aede,
484 3527 587 3595 etas
604 3533 629 3593 a,
638 3533 661 3583 a.
677 3535 701 3594 o,
712 3534 736 3584 o.
751 3535 775 3596 ι,
786 3535 810 3584 ι.
827 3534 917 3596 naar.
934 3533 1297 3598 ao,5.ra‚1u.or,1o.cc,4
1312 3532 1368 3597 an.)
1386 3561 1421 3571 —

273 3620 301 3672 et
318 3618 474 3683 73,1.oo,1
494 3613 529 3667 ab
548 3613 725 3682 epitomatore
742 3613 889 3684 decurtati;
908 3613 1055 3684 epimythia
1072 3630 1128 3670 uou
1145 3631 1219 3670 curo.

359 3703 385 3766 2)
402 3694 473 3752 ‘Wir
490 3698 600 3752 kbnueu
618 3698 657 3753 sie
674 3699 877 3769 (proprietatem
894 3698 977 3764 illam)
997 3699 1073 3754 nicht
1090 3699 1187 3754 andere
1207 3700 1332 3754 erklareu
1349 3700 1422 3754 denu

273 3785 314 3839 ala
337 3785 396 3838 eine
414 3781 592 3849 Concessiou,
614 3783 714 3839 welche
740 3785 788 3839 der
808 3784 844 3838 im
862 3784 972 3838 autikeu
990 3783 1109 3838 Metram
1127 3783 1304 3839 schreibende
1322 3784 1422 3838 Fabel-

274 3867 379 3923 dichter
388 3866 448 3922 dem
456 3882 510 3920 neu
519 3866 758 3935 aulgekommenen
766 3867 892 3937 Principe
900 3867 1118 3938 byzantinischer
1127 3869 1312 3925 Volksmetrik
1321 3869 1422 3933 nocht,

274 3967 303 4007 es
320 3951 357 4006 iat
374 3950 417 4004 eiu
433 3951 641 4020 merkwurdigea
659 3951 794 4006 Denkmal
811 3953 859 4008 der
875 3949 1143 4020 Uebergaugsstule'.

360 4038 386 4101 3)
403 4034 428 4088 Ε
450 4039 497 4090 100
514 4037 609 4104 primis
620 4036 712 4091 Nouui
729 4037 855 4092 uersibus
873 4041 906 4091 72
924 4044 1066 4092 accentum
1082 4039 1111 4092 iu
1127 4039 1293 4108 paenultima
1311 4037 1421 4102 habeut,

274 4137 289 4176 e
308 4126 355 4176 311
375 4118 481 4174 Musaei
498 4123 556 4186 251,
574 4137 589 4175 e
608 4120 725 4176 colluthi
742 4124 791 4174 392
809 4122 877 4178 adeo
896 4126 957 4176 314:
977 4121 1010 4176 cf.
1023 4123 1124 4178 Eberh.
1134 4123 1192 4179 obs.
1200 4139 1227 4192 p.
1237 4129 1262 4177 4.
