3118 4870
561 414 657 470 Cicero
674 431 724 484 pro
742 415 853 471 Scauro.
1221 417 1282 479 257

133 585 192 654 sed
214 585 283 653 eius
306 584 392 653 diem
413 593 488 652 ante
511 586 708 654 comitiorum
732 587 905 656 dilatorum
926 587 1013 654 diem
1036 607 1106 656 esse
1128 590 1283 658 indictum

133 691 327 770 statuemus3
357 685 391 752 id
420 686 506 768 quod
535 708 576 754 ne
598 689 722 756 Triario
746 690 874 771 quidem
896 690 1056 773 ingratum
1078 708 1149 757 esse
1171 694 1282 775 potuit.

218 791 309 855 Duas
332 788 401 854 eius
424 807 539 854 causae
560 787 658 856 fuisse
673 791 815 858 actiones
829 809 986 876 ponamus
1001 777 1133 857 necesse
1148 798 1197 858 est
1212 813 1283 859 cum

133 897 262 975 propter
288 890 395 971 legem
420 889 537 956 Iuliam
566 889 812 975 repetundarum
841 912 870 957 a.
894 893 1008 968 695159
1036 891 1135 958 latam
1149 891 1187 976 ¹),
1216 900 1284 960 tam

131 996 262 1076 propter
290 992 390 1058 uerba
418 990 518 1076 ipsius
548 990 710 1058 Ciceronis
737 994 819 1059 hoec
846 991 917 1075 (pro
946 991 1065 1058 Scauro
1093 995 1121 1073 §.
1145 993 1216 1079 29);
1250 1006 1283 1058 tn

132 1111 210 1154 aero
234 1091 518 1175 comperendinasti
537 1113 598 1155 ano
614 1103 692 1157 teste
703 1094 859 1179 prodacto
870 1092 907 1178 ²),
930 1099 964 1176 et
980 1095 1077 1178 paulo
1092 1099 1165 1178 post
1179 1099 1207 1176 ξ.
1224 1100 1282 1164 30:

131 1194 190 1256 sed
210 1185 308 1256 amors
329 1195 391 1256 ista
413 1193 558 1257 celeritas
580 1215 618 1257 oc
631 1194 810 1278 festinatio,
835 1196 920 1280 qnod
936 1195 1174 1280 inquisitionem,
1199 1197 1285 1282 qaod

129 1297 274 1380 priorem
297 1296 448 1358 aetianam
471 1304 568 1358 totam
589 1297 757 1368 mestolasti,
784 1296 865 1360 illad
881 1294 1059 1381 patefecit.
1075 1301 1106 1364 .’.
1151 1298 1283 1366 Constat

131 1395 230 1480 igitar
250 1397 411 1464 Triariam
439 1416 502 1463 uno
532 1403 653 1462 tantum
685 1403 767 1466 teste
788 1397 943 1484 producta
965 1397 1103 1482 priorem
1124 1399 1283 1468 actionem

133 1516 229 1580 quam
245 1499 410 1566 celerrime
424 1498 604 1566 absoluisse
620 1505 652 1564 et
667 1499 822 1583 effecisse,
845 1504 967 1566 atreus
985 1499 1282 1584 comperendinare-

131 1606 198 1684 tar;
220 1599 462 1667 immoderatius
485 1598 569 1666 enim
592 1619 688 1680 qaam
703 1602 810 1668 uerius
825 1600 936 1668 Cicero
955 1598 1047 1666 dicit:
1070 1610 1168 1663 totam
1182 1603 1282 1666 sasan-

131 1703 204 1764 listi.
249 1701 316 1768 Sed
338 1722 397 1767 neo
419 1720 481 1783 quo
505 1699 558 1767 die
579 1703 666 1785 prior
688 1702 771 1769 ectio
799 1701 908 1785 fuerit5
936 1719 997 1766 nec
1022 1707 1099 1782 quot
1126 1704 1283 1786 posterior

131 1804 337 1887 occupauerit
366 1803 434 1869 dies
467 1803 535 1869 erui
563 1807 675 1886 potest
724 1803 813 1883 Quae
839 1822 916 1870 uero
939 1803 977 1867 A.
999 1801 1050 1867 W.
1073 1801 1282 1889 Zumptius

131 1905 238 1988 (Rom.
262 1903 474 1971 Crim-Proc.
498 1902 606 1988 Leipu.
626 1907 716 1969 1871.
738 1925 769 1989 p.
789 1901 863 1988 163)
887 1901 965 1969 dicit
988 1953 995 1968 .
1019 1953 1026 1968 .
1051 1952 1057 1967 .
1082 1903 1202 1966 caman
1224 1906 1282 1988 (im

130 2007 241 2072 Manat
254 2006 334 2089 Juli)
356 2005 463 2068 morde
485 2005 536 2068 die
554 2003 815 2068 Candidatenliste
838 2003 1026 2087 amspestellt.
1063 2003 1216 2088 Dapeqen
1231 2004 1283 2068 die

131 2106 276 2191 Anldopo
302 2107 436 2190 paschali
458 2105 538 2171 noct
561 2106 665 2170 dieser
688 2105 802 2190 Zetae).
847 2105 920 2168 Der
942 2103 1178 2168 entsalzaidenda
1205 2107 1281 2168 Ter-

132 2210 194 2271 min
210 2259 217 2275 .
234 2259 241 2275 .
258 2230 325 2271 war
341 2259 348 2274 .
365 2260 372 2274 .
389 2231 416 2272 a.
440 2210 469 2270 d.
493 2207 577 2271 IIII.
601 2207 686 2270 Non.
711 2207 798 2290 Sept.
807 2228 817 2268 :
839 2206 890 2268 die
912 2205 1076 2289 Anlcliiper
1097 2206 1205 2270 lacten
1226 2210 1283 2271 mit

132 2311 222 2374 ihren
244 2310 407 2373 Beraeiren
435 2308 522 2370 nialzt
548 2308 599 2370 dic
625 2317 790 2390 qestottete
818 2307 908 2369 Frist
932 2327 993 2369 oon
1022 2305 1066 2370 30
1098 2308 1201 2392 Toqcn
1228 2331 1283 2392 pe-

131 2421 252 2474 mortet.
298 2409 475 2472 Nellmen
506 2409 576 2468 wir
605 2428 666 2479 an,
696 2408 754 2468 sie
782 2406 918 2468 tritten
947 2427 1020 2468 nar
1049 2407 1283 2490 die'Ha'tlfte

131 2509 343 2574 derselban
372 2508 561 2580 donatist,¹
590 2527 631 2570 so
653 2526 863 2590 pemonnon
891 2507 952 2567 sie
981 2504 1088 2578 Zeit,
1124 2527 1181 2570 am
1210 2507 1282 2572 dan

130 2614 306 2676 Process
336 2612 373 2673 in
402 2619 500 2672 ctmo
527 2607 716 2670 oierzelan
744 2607 873 2690 Topen
901 2625 972 2668 nor
998 2605 1081 2667 dam
1104 2605 1285 2672 Eintritt

130 2716 201 2779 der
229 2732 395 2800 pressam
422 2709 647 2774 rimisclnan
672 2707 811 2792 Spielc
839 2729 884 2770 zac
907 2706 1086 2770 baenden.
1131 2707 1299 2772 Horren*

131 2819 189 2880 sie
218 2816 281 2879 dio
308 2813 415 2877 colle
436 2811 549 2874 Frist
577 2820 789 2894 pewortet,
820 2828 863 2870 so
891 2813 993 2870 mire
1015 2829 1054 2870 es
1076 2807 1195 2871 idnen
1217 2831 1282 2871 cr-

130 2939 297 3003 panqen,
322 2916 390 2978 mie
413 2912 555 2976 Verres
577 2933 617 2974 ea
638 2913 677 2974 in
698 2912 847 2973 scinem
865 2909 1062 2971 Procasse
1084 2909 1281 2974 codnsclcte

132 3055 174 3066 -·
196 3020 277 3084 haec
298 3037 349 3084 me
371 3036 435 3082 non
457 3033 553 3100 posse
574 3013 761 3098 intellegere
782 3012 920 3096 ingenue
942 3013 1054 3076 fateor.
1115 3037 1117 3041 ·

219 3118 357 3185 Scaurus
378 3115 626 3200 repetundarum
648 3114 827 3198 postulatus
849 3113 882 3177 in
904 3131 1027 3178 summo
1049 3111 1191 3194 periculo
1210 3131 1281 3179 aer-

132 3223 273 3304 6666166,
289 3240 360 3286 cum
375 3217 469 3285 huius
484 3237 556 3283 eum
572 3215 712 3282 oriminis
728 3214 828 3282 teneri
844 3213 1046 3279 manifestum
1062 3216 1154 3278 esset.
1187 3213 1282 3294 Quod

131 3341 237 3405 neque
253 3321 409 3388 Asconius
423 3335 528 3399 neque
544 3315 654 3382 Cicero
669 3336 728 3382 nos
743 3316 835 3382 celat.
869 3315 928 3382 lile
944 3315 1028 3380 enim
1045 3313 1130 3395 (Asc.
1146 3318 1194 3397 16,
1210 3315 1281 3396 12);

131 3425 188 3487 Em
206 3433 363 3508 praetura
384 3419 489 3502 inquit
506 3419 706 3504 prouinciam
726 3415 908 3480 Sardiniam
930 3414 1070 3489 obtinuit,
1094 3418 1125 3478 in
1148 3436 1210 3500 qao
1230 3436 1282 3477 no·

133 3547 191 3611 qao
219 3527 296 3588 sotis
324 3523 514 3587 abstinenter
541 3540 575 3582 se
601 3520 733 3600 pessisse
762 3519 960 3580 ema’stimatas
986 3526 1034 3578 est
1060 3526 1093 3578 et
1115 3515 1207 3578 malda
1229 3537 1282 3578 or-

130 3636 296 3712 roponter,
331 3623 500 3709 pergitque
528 3619 719 3704 excusandi,
757 3619 885 3704 opinor,
921 3636 1033 3683 causa:
1070 3616 1155 3700 qaod
1185 3636 1282 3699 penos

221 3764 245 3824 1)
264 3757 293 3812 O.
309 3758 341 3814 T.
355 3757 469 3826 Zumpt,
484 3755 516 3808 de
529 3753 634 3822 legibus
648 3752 809 3821 iudiciisque
820 3750 1030 3818 repetundorum
1039 3774 1073 3794 =
1082 3747 1152 3801 Abh.
1168 3747 1193 3802 d.
1209 3747 1281 3803 Borl.

131 3847 184 3898 Ak.
195 3843 220 3898 d.
228 3843 311 3898 Wiss.
324 3847 396 3896 1815.
406 3845 483 3910 pto.
554 3843 579 3904 2)
598 3837 675 3892 cade
695 3829 1282 3890 TUOCOPeRENDINASTIUMTESTE-

131 3926 337 3991 PRODUGTO,
352 3927 399 3981 ubi
410 3926 497 3995 probo
509 3923 652 3979 lectionem
663 3919 764 3974 Halmii
772 3944 805 3965 =
815 3917 928 3971 Sitzber.
942 3915 967 3970 d.
977 3915 1088 3969 Miiuch.
1098 3915 1150 3968 Ak.
1161 3914 1186 3968 d.
1197 3915 1280 3970 Wiss.
1303 3937 1306 3942 ·

134 4018 207 4068 1862.
226 4011 260 4080 11,
275 4027 302 4080 p.
314 4014 354 4064 21.
424 4015 449 4074 3)
467 4009 573 4064 Scimus
590 4007 722 4062 Scaurum
740 4003 851 4057 ineunte
866 4015 959 4055 mense
977 3997 1088 4066 Quintili
1105 4003 1140 4063 (6.
1157 3998 1225 4052 Juli:
1245 3997 1280 4053 cl.

132 4113 216 4168 supra
231 4114 257 4167 p.
268 4100 330 4160 261)
343 4100 501 4149 accusatum
516 4107 583 4157 esse,
597 4091 626 4145 id
641 4088 712 4158 quod
725 4086 878 4155 Zumptium
892 4102 918 4155 p.
930 4089 977 4140 163
991 4083 1085 4152 lugere
1098 4083 1214 4148 uidetur,
1232 4081 1281 4138 sed

133 4181 227 4239 confer
243 4179 363 4236 eiusdem
379 4177 442 4232 libri
458 4194 484 4248 p.
495 4180 553 4231 512.
