3138 4872
583 419 616 474 de
634 419 727 474 Bahrii
745 423 842 474 aetate.
1232 419 1291 482 197

141 589 294 656 Schacier
310 589 383 654 Aes.
401 590 472 654 Fur.
488 609 518 672 p.
537 587 621 654 CXC
643 589 716 656 adn.
732 591 905 675 Tyrwhitti
927 591 1107 659 coniectura
1129 592 1213 659 κατὰ
1232 599 1290 682 Θρ.

141 690 288 758 refutata.
333 690 403 756 Hac
431 689 640 774 brachylogia
655 692 830 775 'sophistae
858 693 1060 778 potissimum
1089 695 1204 762 aetatis
1229 697 1290 764 Ro-

142 812 257 858 manae
279 799 352 857 sunt
374 790 477 874 usi1),
509 791 596 858 uelut
619 793 801 860 Philostrat.
817 793 942 861 Hercic.
959 817 989 881 p.
1009 799 1068 860 194
1091 797 1233 865 Boisscn.
1259 799 1291 864 oi

143 891 179 957 δὲ
209 890 364 980 ἑξήκοντα
391 893 447 957 καὶ
476 890 593 957 ἑκατὸν
622 891 677 980 έτη
706 899 875 978 γεγονέναι
896 894 980 978 μετὰ
1002 894 1061 984 τὴν
1087 903 1210 983 Τροίαν
1234 897 1291 967 irai

133 986 280 1081 Ὅμηρόν
301 997 338 1058 τέ
360 1015 447 1081 φασι
468 995 523 1058 καὶ
536 989 700 1074 Ἡσίοδον,
723 995 835 1062 Liban.
851 997 896 1062 IV
910 1018 940 1082 p.
961 1003 1040 1062 1014
1062 997 1146 1080 μετὰ
1161 999 1291 1087 Πήλιον

142 1091 159 1162 ὃ
183 1095 341 1178 θάλαμος
362 1097 440 1175 κτλ.,
463 1095 505 1162 ib.
522 1116 553 1180 p.
573 1099 630 1160 119
654 1093 839 1184 ένοανήρχου
860 1097 895 1162 δὲ
910 1097 994 1180 μετὰ
1014 1105 1147 1186 Τροίαν,
1170 1101 1290 1170 Himer.

141 1219 186 1266 01‘.
209 1197 321 1280 XXII,
345 1203 364 1261 4
392 1195 498 1284 σοφὸς
528 1189 609 1285 ἀνὴρ
635 1196 719 1280 μετὰ
742 1197 931 1276 Κύκλωπας
955 1202 1013 1265 καὶ
1033 1202 1291 1290 Λαιστρυγόνας

140 1301 197 1364 καὶ
225 1297 406 1364 θάλασσαν
434 1299 503 1383 (ubi
525 1299 588 1365 uid.
611 1301 806 1367 Wcrnsdorf.
829 1323 859 1386 p.
884 1303 953 1386 11),
982 1302 1136 1386 Syncsius
1159 1325 1190 1389 p.
1208 1307 1290 1370 78B

140 1398 410 1483 Λακεδαιμόνιοι
431 1397 493 1488 γὰρ
515 1398 599 1482 μετὰ
618 1405 756 1487 Θυρέαν,
769 1395 913 1489 Ἀργεῖοι
936 1403 972 1468 δέ
987 1403 1052 1492 πρὸ
1072 1409 1201 1492 Θυρέας
1219 1404 1290 1472 ἐκύ-

140 1525 267 1590 μηοανε
290 1505 328 1568 υ1.
346 1501 478 1568 Sch'afer
493 1503 512 1566 l.
529 1521 554 1568 s.
570 1522 605 1585 s,
629 1503 751 1570 Kncch.
767 1504 862 1570 Babr.
879 1526 909 1588 p.
928 1509 976 1589 58,
1000 1507 1197 1592 Bernhardy,
1217 1528 1289 1592 syn-

140 1605 225 1670 taxis
248 1605 374 1670 Graeca
395 1625 426 1688 p.
443 1607 514 1688 254,
538 1603 724 1670 Boissonad.
742 1605 836 1670 Babr.
851 1627 881 1690 p.
899 1608 939 1668 29
963 1613 995 1672 et
1017 1606 1059 1672 ad
1077 1609 1205 1676 Anthol.
1221 1611 1288 1675 Pal.

139 1708 182 1791 X,
199 1711 248 1789 71,
266 1710 283 1768 5
301 1704 365 1788 (ed.
381 1703 504 1789 Paris).

226 1808 270 1873 Ib.
289 1827 320 1873 u.
339 1809 379 1870 22
408 1803 509 1888 μετὰ
538 1803 611 1883 τὰς
629 1799 806 1894 Ἀθήνας
834 1802 939 1894 ἄνδρα
966 1810 1023 1874 καὶ
1051 1807 1153 1874 πόλιν
1177 1808 1289 1897 φεύγω

140 1909 262 1976 Aa12G.
293 1908 414 1974 Eadem
430 1915 479 1974 est
494 1908 718 1994 brachylogia3
743 1910 783 1976 de
798 1910 956 1977 sententia
971 1915 1084 1996 postea
1100 1910 1287 1979 uidebimus.

140 2043 297 2110 Suidas.

226 2148 305 2228 32‚7
329 2141 387 2210 τὸν
411 2144 446 2210 δὲ
467 2147 525 2232 της
546 2145 851 2233 βαθυστριύτου
868 2145 878 2232 ΙΙ
895 2149 1069 2232 καταβᾶσα
1083 2153 1196 2236 κοίτης
1212 2146 1290 2214 irra-

140 2246 256 2312 6ίυικεν
284 2240 303 2332 ἡ
334 2245 444 2334 νύμφη
468 2247 530 2313 SA.
574 2245 814 2333 βαθύστριοτος
842 2271 906 2316 non
932 2250 1092 2317 inuenitur
1120 2251 1181 2316 nisi
1203 2251 1291 2336 apud

137 2350 304 2415 Musaeum
326 2351 387 2412 266
409 2347 665 2433 βαθυστριύτοις
688 2347 737 2412 ἐνί
759 2350 938 2436 λέκτροις..

225 2453 275 2530 65,
294 2453 309 2511 1
327 2447 435 2514 adnot.
453 2452 616 2530 Λίβυσσα
637 2452 773 2533 γέρανος
795 2441 853 2534 ἠδὲ
865 2453 891 2531 ²)
913 2444 1003 2526 ταιύς
1020 2475 1071 2527 τις
1094 2444 1288 2541 εύνιηληξ.

138 2543 288 2636 εύιιηληξ
307 2547 444 2632 primum
466 2568 486 2613 a
508 2547 652 2613 Leonida
676 2548 770 2613 Anth.
793 2550 860 2614 Pal.
879 2550 939 2632 VI,
965 2555 1040 2634 120,
1064 2559 1081 2615 5
1105 2546 1290 2642 εύαηληκος

140 2645 325 2738 Ἀθηναίης
336 2649 436 2715 semel
451 2648 630 2714 adhibitum
646 2654 703 2732 est,
717 2649 890 2716 increbruit
904 2650 991 2734 apnd
1005 2652 1175 2734 scriptores
1190 2659 1289 2724 multo

139 2755 236 2820 etiam
259 2750 451 2818 recentiores
468 2752 603 2816 Paulum
618 2749 835 2817 Silentiarium
851 2749 943 2838 έκφρ.
959 2753 1018 2838 τῆς
1032 2774 1103 2836 pay.
1120 2750 1203 2818 ἐκκλ.
1221 2761 1288 2822 140.

139 2857 211 2920 299.
236 2847 297 2918 530
321 2859 353 2918 ct
375 2852 522 2919 Nonnum
546 2851 678 2938 Dionys.
701 2853 790 2936 XIII,
817 2856 885 2920 197.
907 2854 980 2936 XX,
1004 2856 1072 2918 199.
1095 2853 1200 2938 XXII,
1216 2859 1288 2922 223.

225 2957 307 3038 928
331 2948 348 3018 ὁ
374 2945 405 3017 d’
425 2946 635 3040 hipporicae
656 2958 822 3042 γομφίους
837 2977 874 3018 τε
897 2953 1130 3041 συγκρούων
1146 2955 1199 3022 AS
1215 2955 1290 3038 (nisi

140 3056 225 3141 quod
248 3055 367 3140 exigua
388 3053 604 3140 discrepantia
627 3053 829 3145 συγκρούσας
850 3056 966 3123 Suidas
989 3055 1144 3138 exhibet).
1182 3057 1288 3125 Simil-

227 3228 251 3290 1)
268 3223 413 3276 Diuersum
422 3224 464 3276 est
473 3221 545 3290 quod
555 3221 628 3290 apud
640 3221 845 3292 Bernhardyum
857 3223 948 3278 iuueni
959 3221 1028 3291 μετὰ
1041 3220 1066 3276 d'
1079 3223 1155 3276 Αἶαν
1163 3225 1288 3293 Apollcn.

138 3305 452 3374 Rhod.Argon.11,raa
476 3304 591 3377 θάρσει·
616 3309 675 3358 ἐπεὶ
699 3305 807 3376 δαίμων
829 3310 922 3379 ἕτερον
940 3304 1025 3364 πλέον
1044 3303 1240 3379 ἡγεμονεύσει)
1259 3311 1288 3372 ἐξ

138 3392 223 3457 Αἴης·
241 3389 310 3458 μετὰ
327 3388 355 3444 δ’
367 3391 442 3444 Αίαν
454 3387 513 3444 ἅλις
522 3392 645 3458 πομπῆες
659 3394 778 3459 ἔσονται,
795 3392 965 3461 aliquatenus
979 3393 1064 3448 simile
1075 3391 1210 3460 singulare
1221 3392 1288 3447 illud

139 3474 307 3544 Thucydidis
324 3475 393 3544 μετὰ
409 3475 460 3529 τὸν
478 3473 575 3542 Μῆδον
592 3475 641 3540 ΙΠ,
652 3480 693 3530 68.

225 3563 251 3623 2)
269 3558 347 3613 Ferri
364 3575 419 3614 non
436 3562 528 3628 potest
544 3559 572 3614 in
591 3560 741 3615 choliambo
759 3559 896 3615 Babriano
909 3567 1072 3631 anapaestus
1090 3561 1141 3616 nisi
1158 3560 1286 3628 inprime

138 3645 220 3714 pede,
243 3643 351 3698 minime
374 3649 464 3699 autem
486 3645 604 3699 omnium
628 3645 657 3699 in
680 3645 743 3700 sede
766 3645 833 3714 pari.
870 3646 958 3715 Quare
982 3650 1027 3698 και
1045 3661 1095 3714 pro
1113 3641 1161 3710 ᾗδὲ
1178 3644 1288 3714 scripsit

137 3727 329 3784 Eberhardus:
354 3727 401 3782 sed
425 3729 558 3798 quomodo
577 3729 664 3785 rarior
680 3729 769 3786 forma
786 3731 930 3786 Homerica
950 3746 999 3799 pro
1017 3734 1063 3782 καὶ
1080 3729 1185 3797 uolgari
1201 3729 1287 3798 irrep·

138 3814 204 3870 serit
221 3827 301 3881 aegre
318 3811 490 3882 intellegitur.
518 3813 589 3869 Num
606 3815 634 3869 in
652 3809 699 3883 ἠδὲ
715 3816 782 3870 latet
800 3813 860 3880 ἰδὲ,
878 3814 1123 3884 frequentissimum
1135 3813 1202 3870 illud
1213 3813 1287 3884 apud
1304 3881 1309 3888 ,

137 3897 286 3954 Homerum
304 3903 331 3951 et
347 3897 508 3964 Hesiodum,
532 3899 580 3954 scd
602 3900 712 3969 tragicis
731 3900 812 3955 etiam
830 3899 923 3969 (Soph.
938 3899 1002 3953 Ant.
1016 3903 1077 3964 969)
1094 3897 1214 3968 ipsisque
1230 3899 1287 3954 Ro-

136 3997 235 4037 manae
252 3982 348 4037 aetatis
358 3983 454 4052 poetis
472 3983 565 4049 (Anth.
576 3985 634 4038 Pal.
642 3984 689 4051 VI,
701 3989 742 4050 33,
752 3990 776 4049 6,
789 3983 910 4038 Marcell.
920 3984 989 4038 rncd.
999 3983 1066 4053 pisc.
1076 3983 1113 4050 Χ,Ι
1121 3987 1163 4050 19)
1175 3983 1287 4038 notum?

138 4085 177 4122 nr
188 4065 256 4146 illud
265 4065 486 4122 recteKnochius
495 4084 522 4136 p.
537 4068 712 4135 istiuscruit,
720 4083 783 4122 narn
792 4064 984 4134 Lachmannir'p
994 4108 999 4121 .
1010 4109 1016 4122 .
1028 4107 1034 4120 .
1045 4064 1083 4121 ἵν’
1095 4083 1151 4124 non
1161 4068 1287 4124 conuenit

139 4168 199 4207 cum
217 4149 312 4210 tabula
329 4151 435 4219 qualern
453 4168 486 4206 ex
504 4153 603 4208 Auiani
621 4157 649 4206 15
670 4153 802 4209 nouimus.
831 4152 872 4207 De
885 4153 1031 4208 tribrachis
1045 4153 1079 4209 cf.
1090 4170 1116 4222 p.
1130 4157 1176 4208 193
1190 4152 1251 4208 adn.
1265 4156 1285 4204 1.
