3118 4870
259 379 322 441 244
739 377 802 432 Otto
822 377 933 432 drusius

263 554 341 621 toris
357 559 389 619 et
404 551 471 618 ludi
487 549 638 634 magistri,
663 568 758 631 quem
780 546 880 613 filium
903 545 1002 612 fuisse
1023 543 1172 628 uidimus,
1196 564 1292 628 quam
1314 545 1408 628 scrip-

264 655 341 722 toris
363 653 490 736 nobilis,
514 651 618 734 qualis
634 649 814 734 Capitolino
837 655 869 713 et
884 645 1016 713 Sidonio
1037 647 1171 713 testibus
1192 647 1251 712 ruit
1266 647 1408 712 Titianus

263 761 367 842 pater;
397 759 564 839 praeterea
585 771 657 819 cum
679 750 838 816 Ausonius
861 753 983 833 patrem
1006 770 1027 814 a
1048 748 1114 814 filio
1140 770 1203 816 non
1233 747 1410 814 distinxerit

264 865 296 922 et
312 859 412 924 altero
427 857 497 924 loco
514 873 664 939 expresse
686 851 786 918 filium
809 848 1043 933 significauerit,
1067 851 1164 917 etiam
1185 850 1291 934 priore
1313 848 1410 914 filiurn

263 959 296 1023 in
319 958 424 1025 animo
447 977 519 1025 eum
541 955 693 1021 habuisse
714 953 882 1037 probabile
904 960 961 1018 est.
1006 952 1082 1018 Filii
1104 957 1211 1018 autem
1234 969 1328 1033 quem
1355 951 1411 1016 sub

263 1059 509 1143 imperatoribus
524 1054 743 1122 Alexandrum
758 1054 999 1136 insequentibus
1020 1052 1164 1122 floruisse
1186 1053 1302 1120 scimus
1325 1057 1412 1118 aetas

266 1181 336 1227 cum
359 1159 531 1244 hypothesi
553 1157 610 1221 illa
633 1155 761 1240 egregie
784 1155 937 1240 congruit.

349 1261 440 1326 Nihil
461 1259 556 1342 igitur
578 1263 626 1324 cst
653 1277 707 1324 cur
723 1249 939 1342 Ἀλέξανδροι
966 1257 1121 1340 prooemii
1143 1257 1175 1321 II
1196 1254 1412 1322 Alexandrum

267 1361 420 1429 Seuerum
437 1379 506 1426 esse
524 1379 586 1424 non
603 1365 758 1444 putemus,
776 1365 873 1440 atque
890 1364 924 1424 ut
938 1364 1086 1442 putemus
1102 1358 1263 1442 scriptoris
1279 1364 1311 1423 et
1326 1357 1412 1440 origo

266 1470 299 1530 et
321 1469 410 1530 aetas
434 1460 556 1526 suadet.
600 1459 731 1526 Videtur
753 1466 860 1526 autem
882 1459 1028 1542 Babrius,
1051 1479 1122 1525 cum
1144 1459 1225 1525 sicut
1247 1459 1304 1526 alii
1326 1457 1414 1524 multi

266 1564 351 1630 illius
367 1563 481 1630 aetatis
496 1563 630 1628 Romani
648 1562 763 1628 studiis
779 1561 973 1628 Graecorum
987 1560 1204 1644 grammaticis
1220 1567 1252 1628 et
1266 1560 1412 1645 sophisti-

266 1662 312 1729 cis
335 1683 370 1730 se
393 1663 543 1748 dedisset,
564 1663 624 1728 tilii
639 1662 824 1746 Alexandri,
847 1661 902 1746 qui
924 1667 956 1727 et
976 1661 1046 1745 ipse
1061 1661 1202 1729 Graecas
1217 1661 1415 1746 potissimum

266 1763 389 1831 litteras
403 1766 482 1831 fouit
504 1763 556 1847 (cf.
573 1766 698 1847 Lampr.
715 1765 807 1830 Alex.
825 1767 854 1828 3.
871 1767 921 1846 27,
938 1762 981 1846 5),
1005 1763 1157 1847 magister
1174 1763 1272 1829 fuisse
1285 1762 1321 1846 ¹),
1344 1783 1415 1827 nam

265 1900 308 1910 —
330 1873 365 1932 ut
386 1887 484 1951 supra
504 1868 570 1942 iam
593 1865 660 1930 dixi
682 1901 723 1912 -
746 1863 833 1931 color
858 1870 1011 1946 tenorque
1041 1864 1195 1956 prooemii
1216 1864 1248 1929 ΙΙ
1274 1864 1415 1930 docentis

268 1973 316 2032 est
338 1973 370 2032 et
396 1967 525 2033 fabulae
550 1967 581 2030 in
610 1957 780 2048 disciplina
807 1965 968 2034 rhetorum
997 1965 1206 2032 recentiorum
1233 1965 1416 2050 primarium

267 2066 373 2134 locum
396 2067 555 2133 tenebant.
599 2068 649 2131 De
671 2066 796 2148 reliqua
818 2067 886 2133 eius
907 2067 974 2132 uita
997 2065 1076 2132 nihil
1098 2066 1259 2151 scimusl).

356 2237 379 2294 1)
398 2230 573 2285 Memorabile
588 2231 716 2301 estquod
733 2232 814 2286 etiarn
829 2232 961 2298 Titianus,
982 2233 1027 2302 qui
1042 2231 1150 2286 fabulas
1163 2232 1316 2286 Babrianas
1329 2233 1416 2298 uertit,

271 2315 412 2370 Maximini
429 2315 545 2370 Iunioris
565 2316 687 2370 caesaris
704 2317 832 2385 magister
848 2315 908 2370 fuit.

356 2404 380 2465 2)
399 2400 476 2454 Mera
494 2400 598 2455 somnia
613 2403 678 2455 eunt
691 2415 759 2470 quae
774 2401 865 2455 Keller
878 2417 904 2470 p.
915 2404 964 2455 388
982 2400 1133 2469 disputauit
1147 2400 1179 2454 de
1193 2400 1295 2455 Bebrio
1305 2401 1417 2455 Athenis

269 2489 393 2566 morante
410 2485 560 2552 litterisque
579 2485 711 2540 studente.
744 2483 849 2539 Maiore
866 2485 983 2540 fortasse
1001 2484 1060 2539 iure
1073 2485 1222 2539 Zachariae
1239 2501 1266 2554 p.
1280 2489 1312 2539 14
1331 2501 1346 2540 e
1364 2501 1417 2540 ser·

270 2583 349 2624 mone
366 2563 534 2636 ‘auguratur'
554 2569 684 2623 Babrium
701 2569 816 2623 -licet
838 2570 866 2623 in
890 2569 944 2623 alia
967 2571 1040 2623 terra
1058 2569 1189 2624 oriundus
1207 2569 1243 2624 sit
1262 2570 1418 2638 —longum

270 2654 343 2710 uitae
360 2657 466 2723 tempus
483 2653 664 2708 Alexandriae
689 2652 808 2721 degisse,
832 2659 912 2722 atque
929 2655 1082 2724 Aegyptum
1098 2652 1253 2708 inferiorem
1269 2654 1345 2710 haud
1363 2654 1417 2708 scio

270 2754 306 2794 an
329 2738 448 2793 indicent
470 2738 550 2792 etiam
567 2739 628 2792 vat.
648 2741 694 2792 130
714 2754 758 2792 uu.
778 2743 792 2790 5
811 2754 864 2806 sq:
889 2735 943 2808 πρὸ
964 2736 1016 2810 γὰρ
1039 2737 1127 2806 εἴαρος
1145 2736 1262 2792 λιποῦσα
1279 2737 1328 2792 τὰς
1345 2735 1417 2790 κάτω

271 2832 345 2885 (num
362 2818 441 2876 ἄνωῖ
459 2821 507 2876 sed
517 2823 552 2876 cf.
561 2821 690 2877 Herodot.
699 2821 722 2888 I,
737 2826 781 2876 183
791 2821 858 2888 init.)
879 2817 987 2891 Θήβας
999 2824 1007 2891 Η
1022 2819 1108 2893 ἐφάνη
1123 2819 1239 2888 χελιδών
1254 2821 1311 2876 κτλ.
1339 2823 1417 2876 Prae·

269 2913 344 2962 terea
361 2907 389 2960 in
406 2905 458 2960 hac
475 2906 584 2973 regione
601 2905 728 2961 facillime
747 2921 910 2974 cognoscere
927 2913 1034 2976 poterat
1052 2909 1169 2962 Arabes:
1190 2907 1224 2962 cl.
1244 2923 1313 2976 quae
1331 2924 1358 2977 p.
1375 2911 1416 2961 131

271 2990 391 3062 exposui.
417 2987 503 3045 Unde*
515 2990 661 3046 coniecerit
678 2991 810 3060 quispiam
828 2990 957 3044 Babrium
975 2995 1038 3060 post
1051 2991 1235 3046 Alexandrum
1248 2992 1419 3046 interfectum

271 3082 319 3131 aut
337 3091 397 3130 cum
414 3073 470 3129 filio
489 3075 620 3144 discipulo
636 3075 823 3144 inaegyptum
840 3075 988 3144 relegatum
1003 3091 1063 3132 esse
1075 3082 1123 3132 aut
1136 3077 1285 3145 relegatum
1297 3077 1326 3130 in
1342 3077 1418 3131 exilio

159 3223 162 3225 ,
272 3176 333 3216 eum
351 3160 517 3226 cognouisse.
544 3159 668 3214 Ceterum
686 3158 710 3212 si
723 3159 839 3214 Babrius
857 3159 938 3214 tertio
954 3161 1063 3216 saeculo
1078 3161 1165 3216 medio
1179 3161 1208 3214 in
1222 3162 1345 3230 Aegypto
1356 3155 1418 3214 'uer-

272 3244 399 3308 sabatur,
423 3239 568 3298 admodum
591 3243 732 3312 probabile
752 3242 784 3296 fit
806 3248 833 3298 et
855 3244 1020 3300 choliambos
1038 3245 1111 3315 apud
1129 3245 1419 3300 Pseudocallisthenem

271 3327 433 3398 Aegyptium
451 3325 496 3392 (cf.
506 3327 610 3381 Zacher
623 3343 648 3394 p.
659 3332 682 3382 5.
696 3330 753 3394 tut)
771 3327 793 3393 I,
803 3332 837 3382 46
856 3331 988 3393 seruatos,
1008 3329 1054 3397 qui
1070 3329 1099 3382 in
1118 3330 1242 3400 partibus
1258 3331 1347 3386 minus
1363 3345 1419 3385 cor-

272 3413 361 3484 ruptis
379 3411 503 3466 omnibus
523 3410 588 3464 artis
604 3411 757 3467 Babrianae
773 3412 873 3468 indicia
888 3417 1001 3480 (acuent.
1015 3413 1044 3467 in
1057 3415 1185 3482 paenult,
1203 3415 1325 3470 ultimam
1340 3415 1419 3482 long,

273 3499 460 3568 anapaestum)
482 3500 575 3564 aperte
596 3511 661 3564 prae
684 3512 713 3550 se
735 3496 838 3564 ferunt,
864 3497 996 3552 Soterichi
1015 3497 1124 3553 Oasitae
1146 3513 1206 3554 esse
1228 3514 1299 3554 saec.
1317 3499 1359 3552 111
1376 3514 1419 3554 ex-

273 3589 358 3638 tremo
382 3579 504 3636 florentis
528 3579 572 3646 (de
595 3595 648 3648 qua
665 3580 789 3636 Muelleri
807 3587 842 3650 [p.
862 3581 966 3637 XXIV:
986 3582 1019 3637 cf.
1035 3582 1140 3637 Zacher
1157 3599 1185 3652 p.
1201 3587 1258 3649 125]
1278 3582 1420 3654 hypothesi

272 3667 331 3722 iure
346 3665 436 3720 adhuc
448 3664 643 3719 dubitauerunt
651 3665 809 3738 Bernhardy
817 3668 844 3721 ΙΙ
852 3685 878 3737 p.
888 3671 937 3722 542
953 3671 980 3721 et
995 3667 1117 3722 Rohdius
1133 3667 1210 3722 Rom.
1220 3684 1248 3736 p.
1260 3673 1306 3723 185
1324 3667 1385 3723 adn.
1398 3669 1420 3731 1)

274 3756 302 3806 et
322 3751 406 3819 legem
428 3749 539 3804 ultimae
563 3764 659 3806 uersus
683 3752 804 3822 syllabae
821 3752 1011 3822 producendae
1028 3767 1078 3820 per
1095 3751 1264 3807 soterichum
1282 3757 1310 3807 et
1328 3753 1419 3821 dacty-

273 3836 342 3891 licos
360 3834 453 3890 Babrii
474 3834 621 3891 imitatores
642 3836 672 3890 in
695 3835 786 3892 Nonni
810 3836 866 3906 (qui
887 3835 1021 3891 Soterichi
1038 3836 1198 3910 Βασσαριιιὰ
1219 3833 1236 3903 ἢ
1258 3834 1420 3891 Διονυσιακὰ

274 3920 348 3975 haud
372 3918 452 3974 dubie
475 3918 607 3984 adhibuit)
629 3920 887 3989 Nonnianorumque
908 3924 1049 3989 poetarum
1071 3925 1159 3976 artem
1180 3921 1331 3978 transiisse.
1370 3919 1420 3976 Sed

274 4005 344 4059 haec
362 4003 517 4060 accuratius
534 4002 658 4072 flagitant
676 4021 796 4061 examen.
