3118 4870
586 416 619 471 de
637 415 728 469 Babrii
746 419 843 470 aetate.

396 684 733 754 DISPUTATIONIS
756 684 1024 753 SUMMARIUM.

219 953 355 1009 Prooemii
371 953 432 1008 loco
452 952 616 1020 quaestionis
638 953 751 1007 historia
775 953 864 1006 datur.
899 951 1063 1005 Accuratius
1087 950 1229 1006 disseritur
1252 951 1285 1006 de

135 1038 276 1096 sententiis
294 1036 464 1092 Boissonadii
481 1053 507 1106 p.
530 1039 584 1104 128,
603 1036 740 1091 Duehneri
757 1053 783 1106 p.
806 1041 862 1104 129,
881 1034 1077 1090 Schneidewini
1094 1052 1120 1105 p.
1140 1039 1195 1102 130,
1213 1035 1285 1089 Fixii

128 1141 160 1194 ¹p.
181 1129 238 1194 131,
258 1120 416 1177 Schneideri
433 1137 458 1190 p.
481 1125 537 1186 132,
555 1121 665 1188 Berglrii
682 1138 708 1189 p.
731 1127 792 1188 133,
810 1121 978 1176 Lachmanui
995 1136 1022 1188 p.
1043 1123 1104 1184 136,
1126 1120 1285 1188 Hertzbergi

135 1225 161 1278 p.
183 1213 244 1272 137,
268 1205 386 1261 Η1111111
406 1205 517 1274 Polylae
540 1205 641 1259 Kelleri
664 1221 691 1274 p.
713 1210 775 1271 115,
801 1204 980 1260 Gutschmidii
1003 1219 1029 1272 p.
1052 1209 1113 1269 152,
1138 1203 1286 1258 Maennelii

135 1309 162 1362 p.
182 1297 239 1359 151,
258 1289 419 1346 Buchholzii
436 1289 595 1344 Zachariaei
612 1306 639 1358 p.
661 1294 717 1355 157,
736 1290 837 1344 Nuberi
854 1307 881 1358 p.
900 1293 956 1343 158.

219 1375 325 1430 Deinde
346 1392 372 1444 p.
396 1377 528 1428 104-192
552 1373 704 1428 Romanum
725 1374 856 1428 Babrium
877 1373 961 1428 fuisse
985 1373 1194 1427 demonstratur.
1231 1371 1284 1425 Ars

135 1476 263 1516 uersuum
281 1458 483 1528 pangendorum
500 1457 637 1512 Babriana
656 1474 673 1512 a
687 1457 872 1512 Romanorum
889 1457 1033 1526 disciplina
1050 1457 1163 1510 metrica
1181 1460 1222 1510 est
1239 1456 1284 1510 de-

134 1550 275 1615 prompta:
300 1543 467 1611 paenultima
484 1548 598 1596 accentu
615 1543 687 1596 elata
705 1545 740 1611 tp.
763 1547 833 1610 161),
857 1543 958 1596 arsium
983 1541 1172 1596 soluendarum
1189 1540 1285 1594 modus

135 1637 173 1700 [p.
191 1631 258 1694 166),
275 1629 416 1696 anapaesti
433 1642 499 1681 usus
515 1631 542 1680 et
559 1625 659 1696 dactyli
676 1627 860 1696 tribrachique
877 1627 1029 1695 frequentia
1046 1632 1082 1692 (p.
1100 1629 1165 1690 172).
1178 1655 1211 1662 -
1224 1623 1286 1678 Ser·

134 1713 225 1769 monis
242 1711 334 1766 Latini
351 1710 466 1778 uestigia
483 1711 614 1779 quaedam
635 1711 797 1778 indagantur
821 1728 847 1780 p.
870 1715 915 1764 177
932 1726 990 1778 sqq.
1009 1709 1144 1764 —Poeta
1166 1707 1287 1763 fabulam

134 1799 258 1852 Italicam
275 1795 400 1850 narrauit
418 1799 454 1864 (p.
471 1796 529 1860 183)
547 1799 632 1862 atquc·
645 1794 828 1850 Romanorum
845 1794 971 1849 instituta
988 1793 1120 1862 quaedam
1138 1793 1285 1857 denotauit,

134 1883 212 1936 uelut
224 1884 414 1934 testamentum
426 1894 475 1948 per
487 1879 714 1948 mancipationem
729 1879 832 1934 factum
851 1885 886 1949 (p.
898 1882 963 1945 185),
984 1878 1110 1947 sepulcra
1126 1876 1286 1945 imaginihus

135 1967 259 2036 mythicis
278 1967 409 2019 exornata
426 1970 461 2032 (p.
477 1968 543 2030 187),
562 1963 720 2018 uenationes
738 1963 977 2032 amphitheatrales
995 1968 1031 2031 tp.
1048 1967 1114 2023 188).
1127 1993 1158 2002 -
1169 1960 1287 2015 Babrius

135 2067 233 2106 nomen
250 2050 349 2118 gentile
367 2051 409 2102 est
425 2047 609 2102 Romanorum
634 2053 671 2118 (p.
694 2051 751 2112 190)
774 2062 791 2101 1
809 2047 895 2102 barba
918 2062 987 2102 uoce
1009 2047 1153 2102 oriundum
1170 2048 1206 2114 (p.
1221 2048 1286 2112 101).

137 2136 276 2192 Valerium
294 2133 423 2188 Babrium
440 2137 538 2201 poetae
555 2147 652 2188 nomen
669 2133 753 2188 fuisse
772 2133 928 2188 dubitanter
946 2131 1079 2186 conicitur
1097 2148 1123 2200 p.
1146 2133 1202 2184 192.
1358 2119 1361 2123 ’

220 2218 264 2272 Ad
276 2219 363 2287 ipsam
375 2222 490 2272 aetatem
503 2217 681 2272 deliniendam
693 2217 833 2274 transitur.
860 2217 956 2271 Altero
973 2215 1143 2286 potissimum
1162 2219 1189 2270 et
1206 2215 1286 2270 tertio

136 2321 162 2373 p.
182 2303 244 2359 (ihr.
263 2319 289 2358 n.
309 2302 417 2356 saeculo
437 2301 543 2356 Graeca
559 2301 651 2368 lingua
668 2302 784 2356 Romani
801 2305 865 2356 sunt
882 2301 926 2355 usi
943 2304 979 2369 (p.
994 2304 1041 2354 192
1056 2304 1142 2367 extr).
1162 2330 1195 2340 -
1213 2300 1287 2352 Ana-

135 2389 224 2457 paesti
242 2391 362 2441 1111111
379 2385 535 2454 frequenter
552 2385 656 2440 solutae
674 2400 728 2438 non
745 2385 922 2438 inueniuntur
939 2387 1003 2438 ante
1021 2399 1092 2439 saec.
1110 2401 1136 2452 p.
1157 2383 1219 2436 Chr.
1232 2384 1287 2436 ml

136 2473 243 2527 exiens:
263 2486 290 2538 p.
312 2473 368 2522 193.
405 2468 546 2538 Spondeus
563 2467 592 2520 in
610 2467 732 2534 quintum
752 2468 848 2535 pedem
866 2467 1000 2521 admissus
1018 2475 1100 2536 atque
1117 2468 1161 2520 lex
1178 2467 1288 2521 ultimae

135 2570 233 2611 uersus
251 2552 371 2623 syllabae
388 2551 577 2621 producendae
594 2556 701 2620 tempus
719 2551 801 2606 etiam
818 2550 953 2605 recentius
971 2551 1105 2604 indicant:
1125 2567 1152 2618 p.
1171 2555 1218 2606 193
1229 2568 1288 2619 sqq.

135 2639 276 2693 -Sermo
290 2635 517 2691 GraecusBahrii
528 2635 667 2690 nouicius:
685 2652 711 2704 p.
726 2639 784 2692 196.
809 2635 974 2691 Uniuersum
991 2633 1095 2688 moechi
1112 2649 1196 2702 genus
1214 2635 1288 2704 ipsa-

137 2738 190 2792 que
207 2720 335 2776 narrandi
352 2736 397 2774 ars
415 2719 451 2773 ad
468 2719 652 2788 sophistarum
670 2721 850 2776 recentiorum
874 2717 964 2773 studia
986 2717 1126 2772 referenda
1149 2717 1289 2771 uidentur:

136 2824 164 2876 p.
183 2810 241 2860 209.
259 2835 292 2844 —
311 2805 395 2860 Poeta
412 2805 491 2859 aliter
509 2809 591 2874 atque
608 2805 771 2860 uetustiores
792 2805 883 2860 locum
907 2817 960 2872 quo
985 2817 1029 2857 111
1054 2817 1123 2870 quae
1146 2806 1291 2854 narrantur

47 2922 49 2928 ι
137 2896 230 2960 gestae
248 2895 338 2944 essent
355 2904 494 2957 nunquam
513 2889 745 2945 commemorauit:
766 2906 793 2958 p.
807 2893 866 2943 202.
895 2886 1069 2941 Fabellarum
1086 2885 1291 2955 mythorumque

137 2975 241 3030 formae
258 2979 375 3028 nouatae
392 2973 541 3028 dissolutae
565 2979 722 3043 corruptae:
748 2989 775 3042 p.
795 2975 939 3026 203-225.
974 2971 1096 3025 Fabulae
1119 2968 1242 3024 nouellae
1264 2975 1292 3022 et

139 3074 208 3128 quae
225 3059 364 3114 rhetorum
382 3060 410 3112 et
427 3057 611 3126 sophistarum
628 3059 809 3112 recentiorum
831 3055 1002 3124 disciplinam
1025 3056 1143 3125 prodant
1166 3059 1202 3122 (p.
1221 3057 1290 3117 226),

138 3143 256 3198 fortasse
274 3157 289 3196 e
306 3141 455 3197 Nicostrati
478 3141 645 3211 decamythia
668 3141 799 3210 repetitae
820 3147 856 3210 (p.
873 3129 945 3205 228).
980 3140 1070 3195 Mores
1088 3145 1116 3193 et
1131 3139 1256 3194 instituta
1274 3153 1291 3192 a

139 3230 221 3297 poeta
239 3239 368 3294 expressa
386 3229 422 3294 (p.
442 3229 503 3291 230)
526 3231 608 3293 atque
626 3225 659 3280 de
678 3227 718 3281 dis
736 3229 871 3294 rebusque
889 3224 986 3278 diuinis
1004 3238 1073 3292 quae
1090 3224 1203 3278 iactauit
1219 3223 1290 3278 eius·

139 3311 200 3366 dem
218 3313 283 3366 sunt
300 3310 361 3366 aeui
380 3315 416 3379 (p.
435 3312 589 3374 231-237).

226 3393 401 3448 Concluditur
414 3392 569 3462 disputatio.
596 3392 733 3446 Floruerit
745 3397 827 3462 poeta
841 3393 920 3448 tertio
937 3391 994 3447 iere
1011 3409 1037 3462 p.
1056 3391 1118 3446 Chr.
1136 3407 1162 3444 n.
1181 3390 1290 3445 saeculo

139 3479 250 3532 ineunte
267 3481 304 3546 tp.
324 3482 398 3546 139),
425 3483 488 3532 1111
506 3476 578 3546 quod
599 3481 705 3546 tempus
728 3493 806 3532 nemo
829 3493 890 3532 eum
913 3477 991 3531 nouit
1014 3479 1050 3544 (p.
1069 3479 1137 3542 297).
1171 3473 1291 3528 Alterius

139 3560 270 3632 prooemii
288 3560 415 3628 βασιλεὺς
435 3556 611 3634 Ἀλέξανδρος
628 3561 745 3617 Seuerus
763 3561 917 3616 Alexander
935 3561 1042 3616 uidetur
1059 3574 1132 3614 esse:
1151 3575 1178 3628 p.
1192 3561 1240 3612 139
1252 3573 1291 3625 sq.

141 3646 367 3702 Pseudodosithei
384 3650 421 3714 (p.
433 3649 493 3712 210)
511 3651 539 3699 11
551 3644 653 3700 Titiani
671 3649 707 3715 tp.
719 3649 779 3712 212)
796 3644 951 3700 testimonia
965 3645 1012 3698 uix
1029 3645 1146 3698 obstant.
1175 3642 1291 3698 Babrius

142 3731 190 3786 filii
207 3730 375 3801 imperatorii
393 3729 533 3798 magister:
558 3746 586 3800 p.
605 3733 664 3786 211.

643 3869 795 3878 ...——--

228 3965 409 4022 Goniectenea
419 3966 461 4023 his
474 3965 677 4036 quaestionibus
689 3964 834 4020 subiuncta
847 3961 900 4018 alio
919 3965 1040 4030 tempore
1058 3961 1086 4016 in
1103 3961 1191 4017 lucem
1208 3961 1293 4017 emitti
1323 3941 1326 3946 ¹

143 4052 253 4120 placuit.

621 4203 817 4212 Ἣ...
