3138 4872
584 425 618 479 de
635 425 728 480 Babrii
746 428 844 480 aetate.
1227 423 1287 486 183

136 595 274 680 scriptor
295 596 457 662 Romanus
479 631 520 642 -
542 597 611 664 siue
633 597 754 663 Fabius
775 597 882 664 Pictor
905 597 1037 664 Craecis
1062 597 1185 665 Craeee
1213 598 1288 664 scri·

137 696 250 781 bens¹)
271 695 339 763 siue
362 697 519 765 recentior
539 699 596 764 ille
619 699 655 765 L.
672 698 862 783 Calpurnius
885 699 958 766 Piso
981 699 1288 766 narratiunculamm

138 805 171 866 et
199 798 390 865 fabellarum
420 799 600 884 captator2)
630 837 670 846 —
699 820 719 866 a
746 799 878 867 Graecis
908 801 1091 868 auctoribus
1121 801 1288 886 repetitam

137 898 259 984 mythis
286 899 351 965 illis
379 900 537 968 historicis
566 922 638 968 eam
659 902 847 985 intexuerit,
876 902 976 968 ullam
998 901 1096 968 habet
1118 902 1286 994 dubitatio-

135 999 252 1084 nem3).
290 999 356 1068 Sed
378 1022 442 1070 una
463 1009 547 1070 certe
570 1004 681 1070 fabula
703 1004 762 1069 illa
782 1005 824 1070 ab
841 1002 958 1070 Ouidio
976 1003 1046 1070 fast.
1061 1004 1116 1088 IV,
1134 1009 1194 1070 700
1216 1024 1287 1070 nar-

134 1109 210 1171 rata
231 1123 307 1170 uere
321 1103 436 1171 Italica
458 1112 507 1172 est
529 1111 561 1173 et
582 1105 755 1190 popularis,
778 1126 853 1170 nam
869 1105 1060 1171 sententiam
1075 1106 1173 1174 habet
1188 1107 1287 1174 aetio-

134 1203 276 1288 logicam
291 1211 323 1272 et
339 1225 461 1273 conexa
476 1215 525 1274 est
541 1228 612 1274 cum
629 1213 715 1274 certo
730 1207 801 1274 loco
817 1207 914 1291 Italo;
938 1206 1015 1273 audi
1031 1207 1126 1274 modo
1141 1211 1288 1292 poetam:

178 1334 223 1386 sal
246 1323 309 1390 Cur
330 1324 427 1410 igitur
448 1326 565 1392 missae
586 1325 701 1392 uinctis
723 1323 870 1390 ardentia
894 1324 998 1392 taedis

291 1428 397 1511 Terga
418 1427 523 1494 ferant
544 1427 666 1512 uulpes,
690 1445 787 1491 causa
809 1425 954 1496 docenda
976 1427 1055 1493 mihi
1077 1435 1134 1494 est.

245 1527 377 1610 Frigida
400 1528 570 1610 Carseolis,
593 1548 653 1594 nec
675 1526 768 1593 oliuis
791 1533 867 1610 apta
889 1527 1030 1594 ferendis

290 1630 392 1695 Terra
413 1628 470 1696 sed
493 1628 536 1695 ad
557 1634 682 1711 segetes
704 1627 885 1710 ingeniosus
909 1646 986 1709 ager
1002 1679 1009 1694 .
1026 1679 1057 1695 ..

177 1742 222 1794 osu
242 1730 386 1816 Hospitis
408 1731 532 1814 antiqui
554 1730 665 1797 solitas
687 1729 876 1796 intrauimus
898 1729 997 1796 aedes
1013 1782 1020 1796 .
1038 1780 1068 1795 ..

243 1851 275 1915 Is
298 1849 377 1915 mihi
398 1851 499 1916 multa
521 1848 664 1932 quidem,
695 1847 754 1913 sed
780 1853 812 1914 et
834 1847 914 1915 haec
936 1869 1066 1915 narrare
1089 1850 1287 1919 solebat...

177 1964 221 2015 691
240 1943 329 2018 ‘Hoc’
356 1952 401 2018 ait
420 1947 466 2017 ‘in
488 1942 608 2036 campo'
627 1986 669 1994 -
685 1968 895 2034 campumque
917 1949 1057 2016 ostendit
1077 1989 1119 1999 -
1132 1947 1288 2020 ‘habebat

290 2055 355 2120 Rus
378 2054 476 2120 breue
502 2073 573 2118 cum
596 2051 673 2119 duro
697 2071 794 2136 parea
815 2052 929 2117 colona
950 2051 1091 2120 uiro...

179 2165 221 2217 τοι
242 2155 343 2222 Filius
366 2155 459 2221 huius
482 2161 551 2220 erat
574 2146 681 2237 primo
698 2153 837 2219 lasciuus
859 2152 891 2217 in
913 2173 995 2220 aeuo
1011 2205 1018 2220 .
1036 2205 1067 2220 ..

177 2286 221 2336 rot
241 2274 274 2340 Is
296 2274 382 2358 capit
404 2273 539 2339 extremi
562 2272 691 2356 uolpem
713 2271 859 2337 conualle
881 2272 1000 2338 salicti:

290 2375 476 2440 Abstulerat
498 2373 615 2437 multas
637 2371 694 2435 illa
716 2371 854 2436 cohortis
877 2392 964 2438 aues.

176 2489 222 2538 τοῦ
245 2475 413 2557 Captiuam
435 2473 554 2556 stipula
575 2471 733 2550 foeuoque
755 2471 900 2552 inuoluit,
924 2479 957 2537 et
977 2475 1068 2554 ignes

291 2569 460 2641 Admoue't.
505 2577 633 2639 urentes
656 2569 768 2652 effugit
789 2569 847 2634 illa
871 2590 991 2638 manus.

244 2679 316 2758 Qua
338 2676 427 2759 fugit,
450 2671 590 2740 incendit
612 2671 745 2738 uestitos
768 2670 924 2737 messibus
947 2692 1058 2755 agros:

290 2777 461 2845 Damnosis
483 2775 567 2842 uires
587 2775 716 2858 ignibus
738 2793 817 2839 aura
839 2770 947 2840 dabat.

243 2881 378 2948 Factum
400 2879 489 2962 abiit,
516 2877 711 2943 monimenta
726 2881 863 2941 manent.
901 2894 1039 2958 namque
1054 2897 1145 2945 urere
1161 2883 1288 2964 captam

179 2995 223 3047 ‘110
290 2982 383 3048 Nunc
406 2999 532 3062 quoque
553 2979 607 3046 lex
629 2977 759 3062 uolpem
782 2977 976 3043 Carseolana
998 2985 1095 3046 uetat.

244 3084 352 3165 thue
374 3083 442 3148 luat
463 3100 584 3166 poenas
605 3098 685 3163 gens
708 3079 796 3160 haec,
821 3077 1008 3146 Cerealibus
1030 3081 1131 3165 ardet,

291 3184 425 3265 Quoque
447 3182 542 3248 modo
565 3187 689 3264 segetes
713 3179 862 3264 perdidit,
885 3181 956 3266 ipsa
977 3183 1070 3268 perit.

138 3307 207 3372 lam
229 3323 301 3369 cum
322 3302 384 3368 hac
406 3300 587 3368 narratione
609 3301 754 3368 conferas
776 3299 886 3366 Babrii
908 3301 972 3366 fab.
993 3306 1047 3366 11:

313 3411 478 3484 Hidrreu'
505 3415 627 3504 ἕχθρὴν
650 3409 809 3500 ἀμπέλων
835 3442 872 3483 τε
893 3420 949 3483 καὶ
970 3417 1086 3506 κήπων

314 3519 387 3608 ξένῃ
398 3521 425 3604 4)
447 3517 597 3606 θελήσας
618 3519 813 3605 περιβαλεῖν
835 3543 887 3596 τις
911 3519 1000 3606 adalp

140 3623 345 3636 ———-—·

227 3676 252 3736 1)
270 3670 392 3732 Nitcsch
410 3669 543 3724 rbmische
561 3669 724 3730 Annalistilr‚
742 3685 769 3738 p.
780 3673 820 3724 65,
838 3673 897 3724 269.

225 3760 251 3822 2)
269 3755 304 3809 H.
321 3755 419 3819 Virck,
443 3753 555 3822 Quellen
577 3754 623 3809 des
641 3753 736 3809 Liuius
759 3752 815 3808 und
832 3753 979 3823 Dionysius
1002 3753 1028 3808 S.
1045 3757 1098 3808 78¹.
1134 3753 1209 3809 Idem
1226 3754 1290 3812 Piso

140 3841 245 3898 dicterii
263 3839 393 3908 decrepiti
411 3844 548 3894 auctorem
566 3839 655 3908 ipsum
672 3837 816 3892 Romulum
835 3837 899 3892 lecit
916 3841 987 3892 teste
1006 3837 1092 3892 Gellio
1109 3838 1156 3906 XI,
1173 3844 1212 3894 lt.

226 3930 252 3991 3)
269 3923 356 3979 Recte
372 3923 476 3978 iudicat
493 3923 525 3978 Ο.
535 3923 663 3988 Mueller,
679 3938 718 3990 gr.
729 3923 783 3976 Lit.
796 3939 822 3991 p.
833 3925 882 3975 242
899 3921 961 3975 adn.
974 3925 1006 3976 69
1021 3921 1062 3976 ed.
1075 3922 1169 3978 Heitz:
1195 3931 1291 3981 contra

140 4026 220 4082 quern
238 4009 305 4064 nihil
322 4007 469 4063 effecerunt
486 4007 643 4077 Hertzberg.
653 4007 735 4061 Babr.
744 4023 771 4075 p.
783 4007 836 4072 81²,
854 4005 973 4073 Drogau.
985 4005 1018 4062 de
1030 4007 1123 4062 Babrii
1134 4010 1291 4080 mythiamb.

140 4111 167 4164 p.
180 4100 220 4161 15,
238 4092 276 4146 M.
287 4093 409 4160 Mueller,
418 4093 519 4162 Essays
529 4092 556 4146 Il
565 4110 591 4170 p,
603 4097 661 4146 207.

226 4183 252 4245 t)
269 4177 332 4233 Non
349 4193 418 4247 opus
436 4183 479 4233 est
495 4177 614 4233 Nauckii
631 4176 712 4248 καινῇ
732 4207 761 4215 -
782 4180 813 4232 ut
830 4175 883 4232 uile
901 4177 1008 4233 lllaehlii
1026 4173 1100 4252 δεινῇ
1118 4180 1240 4235 omittam
1258 4208 1292 4217 -
