3138 4872
585 387 618 442 de
635 387 729 442 Babrii
746 391 844 442 aetate.
1229 387 1288 450 195

140 554 205 644 γὰρ
228 557 282 624 all.
304 556 477 642 particulas
493 558 580 644 apud
595 579 651 626 eos
668 558 941 639 frequentissimas
957 560 1087 644 (Struve
1102 585 1132 648 p.
1153 567 1189 628 13
1206 562 1291 648 sqq.)

140 679 205 725 non
233 657 373 724 admittit
399 658 432 726 in
460 660 581 726 exitum
609 678 650 725 ex
672 665 845 744 praecepto
868 661 1015 728 omnibus
1038 662 1289 748 choliambogra-

140 759 215 843 phis
245 765 276 826 ot
298 759 431 826 Graecis
460 767 492 828 et
514 761 637 828 Latinis
665 761 824 828 communi
848 762 1075 830 uocabulorum
1097 767 1288 850 monosylla

140 862 255 928 borum
276 861 309 926 in
332 881 441 929 uersus
462 861 524 929 fine
547 861 749 929 uitandorum
762 861 794 945 ¹).
831 862 943 945 Itaque
960 863 1041 931 haee
1056 883 1182 948 quoque
1198 867 1289 934 metri

140 961 295 1028 Babriani
313 963 490 1049 proprietas
508 969 543 1028 ut
564 962 595 1028 in
618 969 742 1048 tempus
765 981 861 1046 quam
883 963 1091 1032 nouissimum
1113 987 1185 1034 eum
1207 967 1288 1035 refe·

140 1083 249 1130 ramus
272 1062 390 1132 diserte
412 1063 571 1149 suadet2).

138 1263 208 1302 anas
225 1248 347 1316 repetiit,
372 1263 433 1302 cum
450 1247 478 1301 in
497 1248 620 1303 uersibus
638 1247 696 1300 eius
714 1245 772 1302 lere
790 1251 821 1301 24
840 1248 949 1304 ultimae
966 1249 1064 1305 breues
1083 1255 1097 1304 2
1116 1251 1289 1306 inueniantur

140 1337 250 1403 (τίγριν,
268 1329 360 1402 αἰγός).
386 1330 456 1385 Nam
474 1331 509 1386 ad
521 1331 714 1386 Callimachum
731 1331 822 1400 potius
834 1332 1003 1388 referendum
1015 1334 1123 1388 uidetur
1137 1335 1170 1390 ir.
1180 1341 1195 1391 8
1207 1337 1288 1402 Ehh.‚

137 1417 222 1484 inque
239 1415 332 1485 primis
349 1416 383 1470 ir.
401 1420 431 1470 12
447 1431 486 1485 sq.
506 1415 678 1482 (Schneider,
702 1415 734 1468 fr.
753 1431 833 1470 anon.
852 1419 895 1482 63)
913 1424 1024 1487 propter
1041 1434 1136 1474 uocem
1153 1417 1288 1474 πελιδνο-

138 1501 233 1566 osma,
251 1501 342 1570 qualia
358 1501 387 1554 in
404 1500 503 1556 tabulis
522 1517 576 1555 non
593 1499 752 1554 tribuuntur
766 1501 940 1567 animalibus;
960 1505 1056 1556 eontra
1073 1503 1205 1559 accedent
1221 1521 1287 1560 non-

138 1585 216 1639 nulla
234 1599 266 1638 ex
285 1585 470 1640 Callimacheis
488 1585 628 1653 anonymis
643 1584 800 1639 Schneideri
817 1592 844 1640 et
859 1602 893 1641 ex
906 1585 1016 1653 Berglrii
1028 1587 1131 1642 anthol.
1141 1589 1191 1657 lyr.
1201 1605 1226 1657 p.
1236 1590 1288 1644 XX

138 1686 180 1738 sq.
199 1674 226 1724 et
248 1675 292 1724 113
312 1686 368 1739 sqq.
404 1669 585 1724 Probabiliter
603 1669 902 1724 autemhachmannus
920 1669 1021 1739 prin
1038 1670 1073 1724 ad
1090 1671 1163 1726 huuc
1180 1679 1287 1740 poetam
1329 1693 1332 1700 ¹

136 1755 245 1809 rettulit
257 1771 374 1824 prooem.
384 1755 418 1819 ΙΙ,
430 1758 444 1808 9
455 1770 512 1822 sqq.
530 1748 581 1807 ὑπ’
595 1755 660 1822 ἐμοῦ
674 1750 704 1805 δὲ
717 1753 829 1826 πρώτου
843 1755 890 1821 τῆς
901 1749 988 1826 θύρης
998 1752 1170 1821 ἀνοιχθείσης
1181 1758 1190 1823 11
1204 1754 1289 1823 εῖσῆλ·

137 1840 196 1892 θον
210 1837 284 1892 silim
297 1843 342 1891 καὶ
354 1843 509 1909 σοφωτέρης
523 1838 579 1901 (ubi
592 1839 699 1894 inutiles
713 1840 890 1903 coniecturae,
909 1854 972 1892 nam
987 1838 1127 1908 aptissima
1140 1843 1181 1894 est
1192 1839 1287 1905 ironia)

136 1921 239 1992 μούσης
251 1925 261 1992 ΙΙ
272 1930 378 1996 γρίφοις
393 1919 488 1992 ὁμοίας
505 1928 646 1995 ἐκφέρουσι
664 1923 791 1990 ποιήσεις,
808 1921 949 1993 μαθόντες
965 1919 1046 1975 οὐδὲν
1060 1921 1155 1976 πλεῖον
1171 1919 1188 1990 ἢ
1205 1943 1287 1996 γεγω-

136 2014 243 2061 νίσκειν
261 2013 341 2075 (corr.
360 2009 486 2076 Burgess.
503 2008 569 2062 Rev.
587 2007 620 2062 de
638 2008 706 2063 Phil.
719 2026 746 2078 p.
760 2014 809 2064 460
827 2012 855 2063 et
872 2010 968 2077 postea
985 2007 1117 2072 Nauck.):
1141 2014 1213 2063 certe
1231 2013 1287 2064 tam

136 2098 266 2148 accurate
289 2093 418 2148 Babrium
441 2093 488 2148 ille
512 2093 647 2163 sequitur,
671 2088 767 2162 ‘paene
792 2096 823 2146 ut
849 2092 969 2160 singulos
996 2107 1092 2147 uersus
1115 2092 1174 2146 eius
1198 2094 1287 2162 expri-

136 2174 205 2232 mat'
224 2178 333 2242 (Eberh.
348 2195 375 2247 p.
393 2182 443 2244 el).
479 2178 558 2247 Quod
575 2184 760 2248 opposuerunt
777 2177 877 2231 Renier
893 2178 912 2230 l.
922 2194 942 2232 s.
953 2192 975 2232 s.
985 2194 1012 2246 p.
1023 2182 1071 2232 359
1090 2179 1118 2232 et
1129 2177 1288 2248 Bernhardy

136 2262 209 2316 Hali.
227 2263 280 2317 Lit.
300 2263 356 2330 Ztg.
380 2266 442 2315 1810
462 2279 487 2331 p.
507 2267 572 2329 063,
596 2279 691 2316 uersus
715 2262 775 2316 illos
799 2277 934 2316 nonense
957 2258 1117 2335 γριφώδης,
1141 2262 1218 2316 nihih
1236 2269 1286 2330 est,

136 2362 199 2400 nam
219 2352 246 2399 et
263 2361 339 2400 raras
357 2360 439 2400 uoces
457 2347 586 2413 plurimas
604 2346 743 2399 continent
760 2351 783 2408 (1
798 2341 880 2411 ἀήτης
892 2349 998 2413 uentus,
1017 2352 1032 2398 t
1047 2343 1143 2397 αἴσυλα
1154 2345 1285 2415 improba,

137 2437 151 2484 5
171 2428 240 2496 δύην
258 2430 361 2494 uitium,
380 2434 395 2482 6
415 2427 453 2480 λίς
469 2428 520 2492 leo,
541 2433 570 2481 10
590 2428 691 2492 αἴθων,
711 2432 738 2482 et
755 2423 803 2480 ἅδε
818 2431 852 2482 ab
865 2426 984 2495 ἁνδάνω,
1005 2435 1034 2482 11
1049 2427 1286 2500 κεμὰςεέλαφος,

135 2511 289 2582 ἠπεδαναῖο
299 2539 331 2557 --
341 2507 492 2582 ἀρρώστου,
513 2516 542 2563 1'1
559 2516 740 2578 μεταχρονίην
749 2537 782 2556 --
790 2515 937 2581 μετέωρον,
962 2516 991 2564 18
1009 2509 1114 2579 κεάσθη
1123 2541 1158 2560 =
1167 2514 1241 2588 ἐάγη)
1260 2524 1287 2572 et

135 2605 253 2654 metrum
269 2596 426 2664 griphorum
445 2596 573 2649 sollemne
585 2595 746 2664 dactylicum
759 2597 814 2661 est;
833 2593 868 2647 ad
879 2593 939 2662 ipsa
956 2602 1152 2662 argumenta
1170 2600 1286 2656 obscura

137 2699 186 2739 our
197 2680 293 2736 Babrii
309 2681 355 2734 illa
373 2697 434 2735 oum
447 2679 564 2734 Reniero
578 2680 705 2748 Drogano
724 2696 749 2748 p.
759 2683 792 2732 04
809 2677 870 2731 aliis
885 2676 1033 2731 referamus
1051 2678 1126 2731 nulla
1141 2687 1182 2734 est
1194 2698 1284 2751 causa,

136 2769 217 2822 immo
236 2765 376 2820 dissuadet
394 2759 630 2838 1ευκῇ...ῥὴσει
648 2780 674 2816 u.
692 2767 721 2817 13
740 2763 902 2832 oppositum.

226 2855 250 2916 1)
267 2851 349 2919 Apud
361 2850 479 2904 Graecos
489 2865 572 2902 unum
581 2847 673 2903 inueni
685 2847 835 2915 exemplum
847 2846 980 2899 incertum
993 2849 1066 2911 (narn
1078 2843 1166 2901 exitus
1178 2847 1286 2902 mutila·

136 2944 180 2992 tus
194 2937 276 2991 etiam
289 2930 333 3001 ἠδ’
347 2933 443 2989 ἱππεύς
454 2933 546 2988 uerbis
559 2933 709 3002 suppletur)
722 2930 849 3001 anonymi
858 2947 884 2999 p.
899 2935 945 2984 113
962 2946 987 2984 u.
1000 2934 1028 2983 11
1047 2927 1144 2982 ἱππεύς
1157 2950 1196 2998 τε,
1214 2933 1286 3000 quod

136 3022 229 3077 enclisi
242 3037 291 3090 pro
303 3035 357 3074 uno
370 3019 454 3072 uerbo
468 3021 521 3086 est;
534 3017 619 3071 simile
629 3017 710 3070 Babr.
722 3021 762 3079 50,
773 3019 806 3068 20
818 3009 879 3066 οὐδ’
891 3011 925 3067 ὅν
936 3030 977 3066 τις
989 3012 1017 3066 in
1029 3013 1174 3082 epimythio
1189 3014 1286 3084 legitur

136 3104 309 3174 interpolato.
345 3103 447 3157 Contra
468 3102 497 3155 in
518 3101 611 3155 Babrii
632 3099 772 3169 personati
788 3099 889 3169 sylloge
906 3099 993 3152 altera
1010 3096 1063 3150 duo
1081 3097 1150 3152 haec
1166 3099 1285 3166 reperies

137 3189 260 3258 exempla
283 3187 362 3256 plena
383 3185 492 3238 diuersa
518 3189 610 3250 13,18
635 3186 659 3236 εἰ
680 3186 737 3248 ζῶν
755 3189 847 3252 (quam
865 3183 1014 3237 clausulam
1032 3181 1165 3249 Bergkius
1182 3185 1285 3240 anthol.

137 3292 162 3344 p.
179 3271 299 3328 XXXIX
322 3271 367 3324 uel
390 3269 451 3323 ideo
475 3269 574 3323 iniuria
590 3268 687 3323 tribuit
703 3269 815 3334 Bebrio)
833 3271 860 3322 et
878 3273 923 3332 lt,
939 3271 954 3320 8
972 3263 1087 3337 aprutino
1104 3267 1170 3320 σῶν.
1204 3268 1286 3338 Apud

137 3359 250 3414 Latinos
268 3356 376 3423 saepius
393 3353 569 3407 inueniuntur
577 3347 640 3406 ‘est’
650 3348 732 3408 ‘sum'
743 3347 839 3417 ‘sunt'‚
857 3351 940 3406 semel
951 3347 984 3406 ‘si
996 3346 1077 3420 quis‘,
1096 3366 1164 3419 quae
1181 3353 1286 3421 etipsa

137 3447 186 3498 aut
206 3441 301 3498 enclisi
322 3443 370 3492 aut
392 3438 486 3492 enelisi
511 3441 538 3492 et
558 3437 722 3506 synaloephe
741 3453 802 3491 eum
819 3436 955 3491 uocabulo
972 3435 1157 3504 monosyllabo
1176 3439 1285 3492 antece·

137 3528 217 3582 dente
235 3525 447 3591 coniunguntur:
467 3521 639 3576 accuratiora
655 3521 776 3575 inuenies
795 3535 880 3590 supra
896 3537 922 3589 p.
936 3525 991 3575 166.
1018 3520 1105 3576 Veriti
1122 3534 1180 3574 esse
1191 3519 1285 3575 uiden-

135 3616 181 3668 tur
198 3614 294 3680 poetae
312 3607 435 3661 ultimum
452 3606 547 3676 pedem
564 3606 623 3675 ipso
645 3606 764 3676 spondeo
778 3605 857 3660 nimis
871 3609 1014 3674 grauatum
1028 3605 1118 3660 uerbis
1133 3603 1284 3662 dirimendis

136 3696 218 3750 etiam
235 3692 432 3761 impeditiorem
449 3690 567 3745 reddero.

222 3782 248 3844 2)
261 3775 489 3831 Praetereundum
501 3791 555 3829 non
565 3773 673 3828 uidetur
682 3773 754 3844 quod
763 3773 896 3828 Aristides
907 3773 1087 3841 Quintilianus
1097 3773 1162 3827 dicit
1170 3789 1196 3841 p.
1208 3778 1239 3827 53
1250 3775 1284 3828 Μ.

138 3863 293 3932 (Hephaest.
308 3862 340 3915 G.
356 3877 384 3929 p.
402 3864 471 3924 1961:
495 3851 601 3926 δέχεται
619 3855 649 3910 δὲ
666 3862 791 3921 (metrum
807 3857 962 3922 iambicum)
981 3859 1026 3909 ἐπὶ
1042 3855 1164 3922 τελευτῆς
1182 3859 1212 3908 ἐν
1228 3862 1284 3910 τοῖς

136 3943 330 4014 ἄκαταλὴιαοις
355 3949 401 3998 καὶ
427 3945 581 4015 πυρρίχιον·
609 3939 804 3996 σπονδεῖον
830 3937 880 4004 δὲ,
915 3933 973 3992 ὅτε
998 3937 1037 3992 τὸ
1063 3933 1283 4006 καλοῦμενον

136 4029 246 4098 χωλὸν
271 4035 423 4103 γίνεται·
451 4031 482 4081 ἐν
506 4025 536 4080 δὲ
559 4033 614 4080 τοῖς
636 4024 839 4091 καταληκτικοῖς
858 4019 1033 4095 ἇμφίβραχυν
1050 4016 1066 4087 ἢ
1083 4026 1210 4089 βακχεῖον
1227 4020 1284 4075 κτλ.

137 4118 190 4174 Sed
207 4115 378 4181 trochaeum,
397 4127 475 4182 quem
492 4113 575 4167 habet
591 4109 757 4180 Hephaestio
775 4126 801 4178 p.
818 4113 849 4163 18
862 4107 905 4162 W.
924 4111 968 4173 (30
985 4107 1029 4173 G.)
1048 4104 1190 4175 ceterique,
1210 4105 1285 4160 haud
