3118 4870
269 443 332 507 288
689 439 861 494 Hermannus
880 435 1004 492 Sanmite

271 617 522 688 praesequantur,
547 610 617 664 dno.-
640 605 790 664 ‘inonrristi
806 621 898 660 amens
914 607 944 659 in
962 605 1114 669 columnas,
1139 605 1168 656 in
1186 603 1291 657 aliems
1308 605 1424 658 imanes

270 695 411 755 insanisti.²
440 696 544 752 Deinde
556 695 647 749 omnia
660 699 797 761 tamquam
811 690 951 762 crepidine
967 689 1087 758 quadam
1104 687 1344 758 comprehensione
1361 689 1422 743 lon·

270 786 347 855 piore
363 783 545 836 sustinentur:
569 773 747 848 ‘depressam
765 791 888 840 caecam,
912 775 1043 828 iacentem
1061 772 1169 827 domum
1182 772 1277 843 pluris
1293 789 1375 843 qnam
1397 781 1423 828 te

271 875 298 923 et
318 868 449 938 fortanus
472 871 533 918 tnos
555 857 729 917 aestumasti.‘
766 859 903 914 Dichoreo
925 857 1036 926 finitur,
1060 865 1091 911 at
1111 857 1239 928 spondeis
1257 859 1423 927 proximam

271 952 341 1007 illud
357 955 404 1016 (sc.
419 949 562 1013 insanisti).
598 947 705 1014 Optimo
723 944 783 998 iure
800 943 878 997 Beier
895 942 946 997 has
969 945 1060 1010 partes
1083 943 1111 996 in
1133 957 1216 995 unum
1238 939 1423 1012 fragmentum

272 1034 420 1100 coniunxit,
437 1047 500 1087 nam
517 1031 611 1085 Cicero
630 1033 657 1084 et
673 1028 787 1083 uocibus
804 1033 955 1097 scqnnntnr
974 1066 979 1077 .
995 1065 1001 1078 .
1020 1025 1117 1079 detrude
1136 1067 1142 1078 .
1158 1066 1164 1079 .
1177 1028 1341 1096 proximam
1353 1026 1424 1081 ittnd

272 1119 358 1174 utitur
374 1124 402 1173 et
420 1117 508 1172 omnia
526 1115 619 1170 eadem
643 1113 677 1166 de
698 1128 728 1166 re
746 1111 824 1176 dicit,
848 1111 876 1165 id
900 1109 973 1178 quod
995 1125 1030 1164 ex
1054 1109 1097 1163 his
1121 1109 1212 1164 uerbis
1236 1111 1423 1167 concluditur:

273 1204 364 1258 omnio
382 1241 388 1254 .
406 1242 411 1254 .
430 1197 668 1270 comprehensione
694 1197 817 1266 lonpiore
842 1197 1017 1250 sustinentur.
1059 1193 1224 1248 Scaurianae
1248 1200 1338 1248 eutem
1361 1209 1424 1250 esse

272 1287 452 1353 fragmentum
464 1299 525 1337 cum
538 1297 571 1336 ex
584 1282 769 1336 columnarum
782 1279 1034 1334 commemoratione
1046 1283 1104 1332 tum
1121 1293 1155 1330 ex
1173 1277 1355 1348 descriptione
1373 1281 1423 1335 do-

272 1386 333 1424 mus
349 1372 433 1438 patet.
461 1367 531 1421 Nam
543 1366 605 1420 illae
618 1366 759 1419 columnae
770 1363 894 1418 Lucullei
905 1363 1045 1419 marmoris
1057 1361 1325 1431 duodequadraginta
1337 1364 1421 1433 pedes

274 1455 353 1518 altae,
366 1467 435 1519 quae
446 1451 602 1506 notissimae
614 1454 692 1504 erant
703 1447 747 1514 (ci.
757 1463 782 1516 p.
792 1451 842 1501 260
854 1464 881 1501 n.
893 1452 926 1514 3),
943 1449 1024 1502 etlam
1039 1447 1074 1500 ab
1090 1446 1209 1501 Asconio
1222 1445 1364 1514 fragmenti
1379 1450 1422 1503 45¹

273 1537 424 1608 explicandi
441 1535 529 1604 gratia
547 1537 802 1596 commemorantur,
828 1548 906 1600 quem
923 1532 1025 1597 locum,
1051 1547 1112 1586 cum
1130 1531 1211 1584 etiem
1236 1531 1304 1586 situs
1327 1531 1423 1588 domus

274 1621 370 1677 Scauri
382 1624 508 1675 accurate
526 1619 702 1681 describatur,
720 1619 807 1670 totum
824 1616 975 1670 exscribam
992 1619 1044 1680 (23,
1054 1618 1109 1682 2²h²
1128 1613 1335 1671 Demonstrosse
1345 1619 1424 1673 nobis

273 1707 383 1761 memini
396 1722 437 1759 me
455 1703 525 1760 hanc
542 1703 649 1759 domnm
668 1703 696 1755 in
714 1717 746 1754 ea
763 1706 844 1770 parte
853 1698 957 1754 Palatii
972 1715 1039 1763 esse,
1058 1715 1129 1768 qnae
1146 1714 1207 1753 cnm
1224 1699 1260 1754 ah
1276 1717 1358 1756 sacra
1375 1703 1424 1757 nia

273 1791 445 1846 descenderis
462 1794 488 1842 et
507 1803 562 1858 per
577 1787 739 1857 proximam
757 1786 847 1839 nicom
871 1785 921 1853 qni
941 1790 1016 1838 esta
1039 1785 1152 1838 sinistra
1169 1789 1255 1856 porte
1276 1786 1424 1856 prodieris,

179 1931 184 1952 ἱ
268 1876 365 1946 posita
375 1880 423 1929 est.
447 1872 572 1927 Possidet
582 1887 642 1926 eam
653 1885 726 1924 nnnc
735 1868 845 1940 Larpns
856 1867 980 1933 Caecina,
996 1869 1046 1938 qui
1054 1869 1151 1924 cornui
1159 1869 1218 1938 fuit
1228 1886 1289 1924 cnm
1300 1870 1423 1926 Claudio.

273 1957 309 2013 In
322 1959 403 2013 haias
414 1957 511 2012 domus
522 1957 593 2010 atrio
605 1955 721 2025 fumant
731 1959 862 2022 quattuor
873 1953 1014 2008 colomnae
1023 1969 1192 2008 marmoreae
1203 1955 1307 2024 insipni
1316 1957 1424 2025 moeni·

274 2043 379 2107 tudine,
398 2058 469 2111 qnae
486 2055 559 2093 nnnc
576 2055 633 2092 esse
650 2038 678 2091 in
695 2038 774 2108 repta
792 2035 894 2091 theatri
909 2036 1037 2092 Marcelli
1052 2037 1188 2092 dicantar.
1228 2036 1297 2093 Usus
1313 2045 1373 2093 erat
1390 2040 1425 2094 iis

275 2125 371 2180 aeditis
389 2129 431 2188 (ot
443 2125 501 2194 r'pse
514 2137 623 2191 quoqne
635 2120 785 2191 siqnificat)
804 2122 832 2173 in
849 2126 948 2175 ornatu
966 2119 1074 2187 theatri,
1093 2123 1167 2192 qaod
1184 2123 1221 2176 ad
1238 2129 1344 2193 tempus
1354 2139 1423 2194 per·

275 2225 357 2278 qnam
370 2206 479 2278 amplae
489 2204 687 2276 mapnitndinis
696 2204 811 2274 fecerat.
839 2203 946 2272 Optime
956 2205 1025 2259 haec
1037 2205 1181 2274 descriptio
1195 2207 1290 2262 domus
1308 2207 1424 2276 quadrat

274 2292 305 2346 in
322 2290 458 2347 Ciceronis
482 2290 581 2343 uerba:
604 2289 774 2359 depressam,
799 2303 922 2354 caecam,
946 2290 1077 2344 iacentem
1096 2295 1204 2345 domam
1225 2295 1270 2356 i=
1286 2291 1335 2347 das
1352 2292 1422 2357 tiet,

275 2375 433 2440 versteckt·,
452 2373 640 2442 ebenliegende
657 2372 753 2437 Hans).

360 2459 415 2513 Sed
432 2458 556 2512 mendum
572 2458 662 2513 inesse
683 2463 751 2527 puto
767 2457 796 2512 in
814 2455 919 2512 uerbis:
942 2457 1086 2511 incurristi
1108 2473 1201 2512 amens
1223 2459 1252 2512 in
1274 2459 1422 2526 columnas,

275 2545 304 2598 in
322 2544 427 2598 alienos
444 2545 557 2597 insanos
574 2542 707 2596 insanisti.
742 2541 906 2596 Aecuratius
924 2540 1036 2596 enimsi
1053 2541 1121 2596 haec
1138 2542 1300 2612 inspexeris,
1319 2543 1423 2613 singula

275 2628 387 2694 singulis
409 2628 493 2682 uerba
516 2641 565 2696 per
588 2624 705 2694 χιασμόν
728 2641 807 2694 quem
831 2624 924 2678 dicunt
945 2625 1109 2693 respondere
1129 2626 1263 2695 inueniam
1287 2643 1358 2696 quae
1381 2643 1421 2683 re-

275 2712 385 2782 sponsio
403 2725 472 2766 uoce
490 2710 594 2764 alienos
610 2711 744 2764 turbatur.
780 2709 841 2763 Non
863 2712 980 2776 possunt
1003 2708 1083 2763 alieni
1103 2714 1149 2776 (sc.
1167 2711 1298 2776 homines)
1323 2713 1423 2782 opponi

274 2796 418 2862 columnis;
442 2809 542 2860 neque,
566 2809 634 2862 quos
655 2794 758 2849 alienos
780 2793 826 2846 hic
850 2791 934 2857 dicat,
958 2793 1132 2861 intellegitur.
1167 2794 1220 2849 Sed
1241 2809 1329 2864 neque
1354 2810 1422 2864 quae

275 2879 419 2934 Sahittnus
437 2881 473 2947 (p.
485 2882 535 2932 214
551 2879 639 2943 Beier)
658 2877 782 2932 coniecit:
808 2877 837 2930 in
856 2877 929 2930 antis
945 2878 1038 2931 aeneis
1055 2879 1160 2933 insonis
1176 2880 1314 2946 insanisti,
1337 2895 1423 2949 neque

276 2979 346 3031 quae
363 2962 442 3017 Beier
463 2962 593 3032 tentauit3
618 2965 647 3016 in
665 2963 762 3016 alienis
784 2965 832 3024 (sc.
851 2960 929 3015 honis
941 2960 1134 3032 prodipendis)
1158 2965 1276 3032 probare
1298 2979 1422 3032 possum

274 3047 342 3102 illud
360 3047 430 3100 enim
446 3049 559 3115 propter
575 3047 632 3100 uim
649 3046 738 3101 uerbis
756 3044 864 3100 traditis
881 3044 991 3098 allatam
1008 3045 1133 3114 repudio;
1157 3047 1210 3103 hoe
1228 3050 1255 3102 et
1272 3049 1345 3116 quod
1363 3063 1422 3103 sen-

275 3131 361 3201 tentia
378 3130 466 3184 minus
485 3133 549 3199 apta
566 3130 683 3184 efficitur
699 3136 727 3185 et
744 3129 817 3198 qued
835 3143 868 3184 ex
884 3129 937 3182 hae
953 3130 1130 3198 responsione
1148 3131 1223 3187 nullo
1247 3132 1328 3187 modo
1350 3134 1422 3186 inso-

275 3215 341 3269 nisti
357 3213 461 3268 dietum
478 3229 538 3268 esse
554 3218 647 3283 potest
662 3231 712 3281 pro
729 3215 810 3268 nimis
827 3229 941 3284 mapnos
957 3219 1081 3284 sumptas
1097 3215 1200 3284 fecisti.
1232 3217 1277 3270 Ex
1293 3220 1353 3271 tata
1370 3216 1423 3272 loci

277 3297 471 3366 compositione
489 3311 600 3352 necesse
618 3304 660 3352 est
676 3298 715 3352 illi
738 3297 925 3352 incolumnes
946 3297 1020 3352 aliud
1043 3299 1145 3368 opponi
1168 3299 1240 3369 qued
1263 3301 1349 3355 simile
1373 3301 1420 3369 sit3

276 3382 324 3438 sed
341 3398 423 3436 unum
442 3397 501 3436 esse
519 3382 730 3447 substantiuum,
748 3397 814 3437 casu
831 3382 990 3438 accusatiuo
1009 3384 1137 3450 positum,
1154 3384 1274 3454 pendens
1292 3399 1326 3439 ex
1344 3400 1422 3454 prae-

275 3467 410 3536 positione
433 3467 469 3519 in.
511 3465 672 3521 Emendatio
696 3467 801 3520 incerta
822 3471 878 3535 est;
902 3482 935 3520 ac
958 3465 1011 3521 nisi
1031 3469 1131 3524 mauu:
1156 3471 1185 3524 in
1207 3474 1288 3524 antas
1310 3471 1424 3524 insonus

275 3551 410 3616 insanisti,
428 3549 546 3604 fortasse
561 3550 644 3604 scribi
660 3554 764 3619 potest:
782 3553 811 3604 in
823 3552 883 3605 ates
894 3551 1008 3605 insanas
1020 3553 1153 3607 insanisti.
1180 3553 1301 3619 (Alae=
1310 3554 1422 3609 Saulem·

274 3639 369 3701 pinge,
383 3633 426 3688 die
437 3634 528 3688 reehts
540 3635 596 3688 und
608 3634 679 3688 links
691 3635 727 3689 im
737 3635 844 3689 Atrium
855 3635 1047 3690 hinlauienden
1055 3635 1247 3706 Seiteurtume,
1261 3638 1295 3692 ci.
1304 3639 1423 3693 Becker·

276 3718 447 3787 linqueret,
465 3719 572 3772 Handb.
591 3720 616 3772 d.
635 3725 700 3772 riim.
719 3719 774 3773 Alt.
793 3719 826 3785 V,
843 3736 871 3788 p.
883 3724 941 3774 244.
967 3720 1069 3776 Vitrur.
1082 3725 1106 3790 6,
1120 3727 1145 3786 4,
1158 3727 1182 3775 4.
1201 3727 1225 3788 4,
1239 3727 1263 3788 Ι,
1278 3727 1301 3776 2.
1329 3723 1423 3776 Fried-

275 3803 395 3868 laender,
414 3803 591 3870 Sittengesch.
607 3803 690 3858 Rome
707 3804 756 3868 ΙΙΙ,
774 3820 800 3872 p.
817 3808 858 3857 60.
872 3807 925 3868 ΙΙΙ.)
951 3804 1058 3859 Atrium
1076 3805 1146 3860 enim
1161 3805 1256 3860 Scauri
1272 3811 1304 3860 ut
1321 3806 1423 3860 colum·

275 3901 325 3942 nas
341 3887 402 3942 illas
421 3893 549 3956 quattuor
561 3887 601 3940 ita
618 3902 778 3956 permagnus
795 3888 1005 3957 magnificasque
1023 3891 1081 3945 alas
1098 3890 1203 3956 habuit,
1220 3905 1288 3959 quae
1300 3890 1423 3946 Triarius

276 3975 387 4039 propter
403 3971 538 4025 luxuriam
555 3971 766 4040 uituperauerat.

362 4059 401 4119 til
419 4055 538 4122 Quartus
562 4053 607 4118 ici.
622 4059 647 4121 5.
663 4059 706 4122 22)
727 4057 804 4112 locus
828 4059 862 4113 de
882 4059 1066 4128 frumentario
1084 4059 1198 4113 crimine
1219 4063 1294 4113 totus
1316 4059 1425 4114 excidit.

276 4138 336 4205 Quo
354 4139 388 4193 de
406 4139 516 4194 crimine
533 4139 607 4196 haud
623 4140 663 4196 ita
680 4142 765 4196 multa
781 4142 891 4197 uidetur
908 4141 1015 4198 desse.
1043 4142 1113 4197 Nam
1130 4143 1182 4198 etsi
1199 4143 1269 4197 inter
1285 4141 1317 4195 ir.
1336 4143 1378 4197 45ἰ
1396 4147 1427 4198 et
