3118 4870
259 411 324 472 224
741 401 805 456 Otto
824 399 934 454 Orusius

261 582 305 649 ad
329 578 544 647 Stesichorum
566 575 670 642 redire
692 573 862 640 uideantur
874 571 910 656 1).
954 569 1163 637 Memora-hile
1187 574 1296 634 autem
1323 567 1417 650 illud,

263 681 350 765 quod
368 679 545 764 collapsum
560 697 683 744 murum
700 673 871 760 putridum,
893 674 927 739 in
949 691 1012 757 quo
1034 689 1159 736 summa
1182 668 1316 736 duarum
1338 669 1416 734 ista-

262 804 332 850 rum
354 785 526 847 iormarum
553 777 734 846 differentia
763 783 812 842 est
839 774 962 860 posita,
992 771 1089 838 simili
1117 769 1240 838 ratione
1267 769 1418 837 adhibuit

262 883 415 950 Palladas
445 881 538 948 Anth.
563 880 631 946 Pal.
654 877 718 961 IX,
736 881 796 942 378
827 881 962 943 exeunte
991 873 1058 940 fere
1087 879 1200 954 quarto
1232 893 1263 956 p.
1286 871 1360 937 Ohr.
1385 891 1417 936 n.

402 988 414 1028 2

262 983 441 1152 saeohhuh'.
466 1085 505 1148 se
527 1080 585 1163 (ac
607 1080 759 1145 nannum
780 1078 864 1144 redu
886 1077 982 1143 etiam
1005 1077 1041 1142 n.
1058 1078 1120 1140 ιον
1144 1081 1176 1140 ιι
1197 1074 1238 1140 Η.
1255 1072 1337 1138 scrb
1359 1074 1416 1140 ‹10-

265 1185 482 1271 decasyllabis
498 1188 659 1267 concepta,
677 1181 715 1247 cf.
731 1179 848 1246 Eberh.
863 1200 894 1264 p.
908 1177 963 1262 94)
980 1178 1096 1244 miluus
1112 1195 1132 1239 a
1147 1181 1303 1260 serpente,
1321 1195 1417 1257 quem
1503 1181 1509 1192 ’

263 1291 298 1354 in
325 1289 424 1353 altum
455 1284 602 1365 abstulit,
632 1281 794 1347 mordetur
819 1279 1113 1365 praecipitatusque
1135 1277 1243 1343 statim
1265 1277 1417 1363 moritur;

265 1387 379 1470 anguis
401 1378 537 1452 antem‘
541 1403 595 1450 cur
616 1383 714 1448 tam'
705 1401 835 1448 maanus
857 1373 956 1448 fuisti
983 1381 1087 1461 inquit
1112 1373 1159 1444 ‘nt
1181 1399 1246 1462 eos,
1270 1380 1325 1464 qui
1348 1382 1418 1446 nul-

265 1491 331 1554 lam
354 1487 436 1553 tibi
427 1485 574 1553 iniuriam
589 1485 771 1566 intuterqunt
794 1483 923 1550 laedere
938 1473 1046 1548 uelles'
1066 1485 1125 1546 etc.
1162 1481 1289 1546 Fabula
1303 1481 1420 1546 similis

267 1608 369 1671 eaque
392 1588 451 1654 sub
473 1585 568 1652 finem
590 1585 651 1651 hac
669 1584 861 1652 scholastica
875 1585 991 1650 laetior
1005 1551 1158 1682 exstatS.
1178 1585 1235 1645 127
1252 1580 1307 1664 (H.
1324 1583 1419 1665 toll:

268 1687 382 1776 Κόραξ
401 1690 528 1775 τροφῆς
552 1680 688 1774 ἇποριῦν
711 1680 757 1760 ιός
773 1678 976 1749 ἒόεόσατο”
956 1708 1037 1772 οφιν
1053 1683 1087 1748 έν
1101 1707 1169 1747 τινι
1185 1673 1358 1769 εόηλίοι’
1321 1708 1420 1768 τοπιι

265 1814 481 1874 νοιμοιμενον,
503 1791 621 1852 τοῦτον
643 1783 816 1862 καταπτὰς
835 1777 976 1872 ἥρπασε.
1018 1787 1085 1850 Τοῦ
1101 1783 1137 1848 δὲ
1153 1782 1421 1872 ἐπιστραφέντος

266 1895 322 1958 καὶ
349 1889 506 1965 δακόντος
537 1881 651 1967 αὐτόν,
683 1879 911 1973 ἀποθνήσκειν
940 1887 1070 1970 μέλλων
1093 1884 1173 1972 ἔφη·
1200 1877 1291 1949 (ἀλλ’
1318 1883 1421 1971 ’ἔγωγε

266 1993 430 2070 δείλαιος,
460 1981 514 2054 ότι
538 1991 690 2054 τοιοῦτον
714 1985 850 2074 ἕρμαιον
874 1980 977 2074 εὗρον,
1006 1986 1042 2064 ἐξ
1063 1981 1101 2051 οὗ
1123 1988 1177 2051 καὶ
1202 1978 1417 2070 όπόλλομαι.’

268 2093 335 2160 Sed
363 2091 466 2174 magis
494 2090 592 2156 etiam
616 2090 778 2174 popularis
800 2089 938 2157 Archiae
960 2089 1147 2174 Mitylenaei
1168 2090 1272 2155 torma
1293 2089 1420 2155 uidetur

267 2191 363 2258 Anth.
380 2192 448 2258 Pal.
463 2191 520 2274 ΙΧ,
537 2193 609 2276 339,
630 2190 664 2255 in
687 2209 751 2270 qua
771 2211 830 2276 pro
852 2211 957 2276 angue
980 2199 1028 2257 est
1051 2190 1176 2276 scorpio
1187 2189 1229 2274 3):

345 2287 403 2357 ’Ἐν
426 2315 510 2357 ποτε
531 2296 672 2380 παμφαί
674 2315 763 2356 νοντι
784 2292 888 2374 μέλαν
910 2288 1034 2380 πτερόν
1057 2289 1174 2377 αἰθέρι
1196 2293 1315 2374 νωμῶν

443 2389 639 2478 σκορπίον’
626 2417 660 2458 εκ
681 2397 777 2480 γαίης
800 2389 868 2458 cide
890 2392 1039 2480 θορόντα
1062 2390 1172 2510 κόραξ,

353 2494 391 2562 ὃν
413 2492 559 2612 μάρψων
582 2487 743 2580 ὤρουσεν·
767 2486 842 2558 dd
869 2486 1059 2571 ἅλ’ξαντος
1046 2518 1090 2558 επ
1094 2479 1231 2569 'oddag

444 2588 482 2659 οό
504 2593 630 2682 βραδὺς
653 2587 811 2681 εόκέντριν
834 2594 937 2674 πέζαν
960 2593 1063 2679 ἔτυψε
1084 2595 1183 2678 βέλει,

357 2785 381 2846 tl
398 2779 480 2833 Falso
497 2779 580 2846 igitur
596 2778 725 2834 Benfeius
743 2779 871 2834 Pantsch.
884 2779 897 2832 1
910 2795 937 2848 p.
947 2783 996 2832 363
1014 2779 1124 2833 tabulae
1141 2778 1271 2846 originem
1288 2777 1325 2832 ab
1343 2777 1420 2832 India
1485 2835 1489 2840 ,

268 2865 410 2934 repetiuit;
435 2877 498 2916 nam
516 2862 665 2917 Stesichori
686 2868 775 2917 aetate
796 2862 907 2918 tabulae
927 2863 1036 2918 Indicae
1059 2862 1088 2916 in
1113 2863 1255 2918 Graeciam
1278 2877 1335 2917 non
1358 2869 1422 2917 sunt

269 2951 428 3005 translatae.
455 2947 622 3016 Quamquam
639 2946 684 3000 uel
701 2962 750 3016 per
768 2962 797 3001 se
814 2948 922 3002 minime
941 2946 1069 3002 credibile
1086 2952 1128 3002 est
1139 2946 1282 3017 pulchram
1292 2946 1422 3002 fabellam

270 3033 403 3088 Graecam
427 3047 460 3087 ex
485 3030 609 3086 orientali
631 3029 677 3084 illa
693 3023 802 3084 ‘ortam’
823 3045 897 3096 esse,
920 3032 949 3085 in
974 3047 1028 3100 qua
1052 3031 1119 3085 nihil
1142 3031 1194 3086 nisi
1215 3037 1368 3100 serpentem
1384 3031 1420 3085 ab

271 3117 363 3186 aquila
374 3119 483 3184 raptum
494 3129 628 3170 uenenum
639 3113 667 3168 in
680 3129 729 3169 uas
741 3115 883 3170 immisisse
895 3120 1023 3169 narratur
1032 3114 1075 3178 (cf.
1086 3116 1135 3170 uit.
1145 3117 1207 3170 Aes.
1217 3132 1244 3184 p.
1256 3121 1287 3170 87
1298 3116 1421 3180 Eberhl.

270 3201 342 3255 Nam
360 3199 432 3269 quod
449 3198 576 3254 Benfeius
594 3199 660 3253 dicit
676 3193 906 3268 ‘dieVerfolgung
923 3199 971 3255 der
988 3199 1141 3268 Schlengen
1159 3201 1246 3255 durch
1254 3201 1339 3268 Vogel
1357 3199 1424 3254 oder

271 3283 382 3354 speciell
399 3283 452 3338 den
469 3283 763 3419 schlangipwdmnden
775 3283 887 3340 Garuda
899 3285 953 3350 [ist]
967 3285 1009 3338 ein
1022 3300 1053 3339 so
1065 3285 1274 3352 eigenthttmlich
1286 3284 1423 3340 indischsr

271 3369 338 3436 Zug,
357 3367 419 3422 dass
436 3368 482 3421 ich
500 3368 572 3421 disse
609 3367 670 3422 abel
687 3367 783 3422 darum
794 3369 875 3424 allein
888 3369 972 3423 schon
983 3408 1005 3422 ..
1018 3410 1023 3422 .
1034 3369 1079 3422 tur
1090 3370 1195 3424 indisch
1207 3367 1287 3423 halte‘
1301 3369 1330 3422 id
1341 3369 1423 3437 plane

272 3452 340 3506 nihil
357 3451 449 3507 ualere
466 3466 499 3505 ex
516 3451 555 3506 eis
574 3465 643 3520 quae
660 3466 743 3520 supra
762 3452 884 3521 congessi
900 3451 1048 3520 intelleges.

358 3539 384 3602 2)
401 3535 491 3590 Simile
513 3541 554 3593 est
578 3535 649 3605 quod
672 3535 705 3590 dc
723 3536 858 3592 Simonide
877 3536 930 3591 Ceo
953 3536 1129 3592 aDioscuris
1152 3539 1261 3590 seruato
1286 3541 1422 3602 narratur,

272 3622 308 3676 cl.
326 3619 491 3677 Schneidcw.
505 3619 568 3673 Sim.
582 3637 608 3688 p.
621 3619 684 3673 XIV
694 3636 743 3689 sq,
761 3621 865 3676 Welclr.
878 3621 1006 3676 (ioetterl.
1016 3622 1050 3688 ΙΙ,
1063 3627 1121 3687 423,
1139 3621 1226 3675 Lehrs
1240 3620 1334 3689 popul.
1345 3619 1421 3674 Auis.

272 3724 298 3776 p.
313 3709 359 3760 199
369 3719 427 3773 sqq.
462 3703 557 3773 Neque
575 3703 749 3759 omittendum
767 3706 839 3774 quod
853 3703 911 3758 Asl.
923 3709 979 3758 nat.
995 3719 1039 3759 an.
1053 3705 1100 3771 XI,
1116 3709 1149 3758 m
1167 3705 1296 3759 animaha
1313 3704 1422 3760 Helices

273 3789 349 3844 urbis
366 3788 458 3843 ruinas
475 3788 658 3858 praesagiunt,
675 3792 756 3858 atque
773 3792 829 3844 nat.
844 3803 887 3842 an.
897 3787 944 3855 VI,
961 3794 991 3842 tt
1012 3795 1039 3844 ct
1057 3804 1114 3844 uar.
1126 3791 1187 3846 hist.
1197 3790 1219 3857 Ι,
1231 3794 1261 3844 11
1279 3804 1370 3844 αιτιοι
1387 3803 1422 3842 ex

272 3873 352 3928 domo
371 3871 417 3926 cui
433 3872 527 3926 ruinae
544 3872 718 3941 impendeant
736 3874 864 3941 emigrare
882 3871 1017 3927 dicuntur.

360 3960 386 4021 3)
404 3954 517 4024 Scorpio
539 3956 620 4010 etiam
642 3957 672 4011 in
695 3957 775 4012 simili
799 3957 954 4012 narratione
975 3957 1066 4024 prodit
1090 3958 1156 4013 satis
1184 3962 1293 4012 uetusta
1319 3955 1421 4012 Zenob.

273 4040 307 4106 ΙΙ,
327 4044 373 4104 tt,
397 4053 431 4093 ex
455 4055 509 4108 qua
530 4037 618 4094 ἁλιεὺς
642 4039 750 4113 πληγεὶς
773 4043 839 4093 νοῦν
859 4041 927 4094 οἴσει
949 4041 1122 4110 prouerbium
1139 4042 1218 4097 fluxit
1235 4043 1270 4097 ab
1288 4042 1349 4111 ipso
1366 4042 1421 4096 hm

273 4121 408 4193 Sophocle
425 4123 454 4177 in
471 4124 637 4194 Amphiarao
655 4125 688 4180 fr.
701 4129 749 4180 118
767 4124 848 4180 Dind.
866 4129 1034 4194 usurpatum.
