3138 4872
222 424 284 486 136
700 425 764 481 Otto
783 426 894 482 drusius

222 599 306 666 euim
328 618 420 684 reges
442 604 549 664 aetate
570 597 746 682 posteriore
768 596 824 662 alii
845 605 919 663 sunt
933 597 1033 681 multi,
1056 597 1186 664 fabulae
1201 605 1309 664 autern
1330 602 1370 664 85

221 722 262 768 ne
285 700 443 782 Bergkiue
472 698 602 782 quidem
625 718 766 764 —seno
792 717 868 764 unus
889 696 1008 764 iudicio
1032 735 1072 744 —
1095 699 1229 764 multum
1251 700 1371 767 tribuit.

306 801 416 885 Longo
446 820 542 883 quam
571 802 668 868 ceteri
696 800 953 885 circumspectius
982 797 1095 866 eodem
1124 820 1208 867 anno
1238 802 1371 868 Carolus

223 904 502 970 Lachmanuue
526 902 634 982 (Bebr.
658 901 708 968 ed.
725 902 829 969 Berol.
848 905 928 966 1845
944 922 975 986 p.
990 901 1023 966 X
1038 899 1099 984 sq.)
1114 899 1197 968 hano
1212 903 1369 984 quaestio-

221 1027 293 1072 nem
316 1005 474 1086 tractauit,
496 1004 572 1068 licet
592 1002 646 1068 die
669 1003 754 1070 diem
777 1003 911 1070 docente
934 1004 1041 1069 omnia
1059 1005 1291 1089 nuncprobere
1306 1024 1370 1071 non

221 1107 334 1193 possis.
365 1105 491 1170 Vixiese
514 1106 598 1170 enim
620 1105 773 1171 Bebrium
794 1111 903 1172 censet
920 1110 994 1189 poet
1008 1104 1199 1190 Phaedrum,
1222 1106 1277 1190 qui
1292 1125 1369 1171 nun·

221 1230 317 1291 quarn
340 1227 377 1274 eo
399 1225 476 1273 usus
498 1207 549 1288 sit,
572 1212 605 1272 et
625 1214 701 1273 aute
715 1206 919 1292 Apollonium
934 1207 1120 1291 sophistam,
1144 1207 1246 1289 quiin
1265 1208 1368 1274 lexico

220 1310 390 1376 Homerico
412 1330 443 1393 p.
469 1313 525 1393 10,
550 1311 588 1372 13
610 1327 636 1374 e.
661 1301 752 1373 decdo
776 1308 886 1373 Bebrii
912 1314 946 1373 ut
973 1314 1065 1392 putet
1090 1307 1288 1375 oholiembos
1311 1309 1369 1376 hos

221 1411 412 1478 seruauerit:

712 1498 817 1560 ταῦτα
840 1487 871 1558 d'
897 1493 1067 1570 Αἴσωπος

451 1591 468 1662 ὁ
493 1594 675 1686 Σαρδιηνὸς
698 1593 800 1670 εἶπεν,
823 1588 926 1662 ὅντιν)
953 1595 986 1660 oi
1007 1596 1140 1682 Δελφοί

451 1693 574 1787 ᾄδοντα
596 1702 708 1781 μῦθοι
730 1691 769 1762 οὗ
790 1698 900 1773 καλῶς
922 1695 1086 1775 ἐδέξαντο.

220 1820 288 1884 Iam
317 1837 389 1884 oum
416 1818 444 1884 is
472 1817 697 1901 grammaticus
725 1822 861 1882 exeunte
891 1817 993 1898 primo
1024 1837 1054 1902 p.
1079 1816 1151 1882 Chr.
1180 1837 1211 1880 n.
1239 1815 1368 1882 saeculo

220 1919 337 1986 uixerit
359 1925 392 1985 et
414 1919 498 1984 circe
520 1918 633 1984 eadem
651 1923 795 2000 tempore
808 1937 866 1982 rex
880 1918 1066 1984 Alexander
1080 1917 1176 1984 fuerit
1190 1915 1367 1984 Alexandri

220 2021 358 2087 Herodis
386 2019 444 2085 filii
471 2038 587 2103 nepos,
617 2019 685 2084 eius
712 2017 778 2082 filio
806 2019 959 2085 Babrinm
987 2021 1125 2087 fabellas
1152 2017 1369 2103 composuisse

220 2120 272 2203 (of.
295 2141 435 2205 prooem.
457 2121 506 2204 Π,
533 2119 563 2201 1)
592 2119 771 2204 suspicetur
788 2113 841 2186 ‘in
864 2121 977 2205 Syriae
1006 2127 1038 2187 et
1064 2120 1196 2187 Ciliciae
1226 2117 1368 2188 confiniis

220 2229 295 2306 post
322 2242 440 2288 annum
469 2222 638 2288 eOlnristo
666 2227 741 2288 nato
765 2214 863 2304 72²¹).
907 2221 973 2288 Sed
995 2259 1036 2268 —
1058 2229 1095 2287 ut
1115 2223 1260 2288 omittam
1283 2221 1368 2303 quod

221 2324 262 2390 de
284 2324 380 2390 lexioi
400 2323 486 2390 illius
507 2325 696 2390 auctoritate
715 2325 919 2390 uehementer
933 2321 1071 2388 dubitari
1086 2331 1194 2408 potest
1216 2325 1268 2402 (ef.
1285 2325 1367 2390 Toll.

220 2428 319 2510 praef.
333 2446 365 2510 p.
382 2425 457 2490 VIII
472 2432 505 2491 et
520 2425 641 2492 Knoch.
657 2426 751 2492 Bebr.
767 2447 798 2510 p.
809 2424 863 2510 27)
874 2461 916 2470 -
927 2431 1096 2510 postquem
1111 2425 1261 2492 Ahrentis
1276 2445 1367 2508 sage-

221 2527 318 2593 citete
340 2528 393 2592 lex
416 2527 494 2591 artis
508 2527 689 2594 Babrienae
711 2527 873 2612 primarie,
895 2534 931 2592 ut
951 2527 1150 2609 paenultima
1170 2547 1282 2594 uorsus
1304 2528 1367 2612 syl·

199 2629 297 2696 ‚leba
318 2634 481 2695 accentum
504 2628 639 2712 lrabeat,
670 2628 797 2696 detecta
819 2635 883 2712 est,
905 2648 999 2697 nemo
1021 2628 1086 2694 iem
1109 2628 1186 2710 quin
1207 2649 1228 2694 a
1250 2630 1368 2696 Bebrio

220 2729 426 2796 abludicendi
440 2731 503 2796 sint
517 2730 667 2797 uersiculi
681 2731 730 2796 illi
745 2731 883 2814 amplius
898 2729 1024 2796 dubitat
1039 2728 1180 2814 (praeter
1194 2729 1367 2813 Naberum‚

221 2832 262 2897 de
284 2852 346 2915 quo
369 2829 513 2916 postea),
544 2831 661 2916 quippe
684 2830 715 2894 in
739 2831 854 2911 quibus
876 2831 947 2915 ipse
967 2832 1026 2897 ille
1047 2831 1101 2898 lex
1123 2849 1284 2913 nunquam
1305 2852 1368 2898 non

221 2935 356 3000 uioletur
379 2936 429 3010 (ci.
443 2933 560 2999 Eberh.
583 2932 633 2998 ed.
655 2954 686 3016 p.
702 2935 743 2996 94
760 2932 867 3017 extr.);
899 2954 961 3018 quo
990 2933 1147 3000 accedunt
1168 2934 1251 2999 duee
1273 2933 1368 2999 trium

220 3055 370 3101 uersuum
383 3035 516 3101 ultimae
531 3033 656 3117 branae,
668 3054 736 3100 cum
754 3035 866 3100 ultima
880 3034 1037 3120 producta
1047 3035 1184 3101 Bebriue
1198 3035 1244 3101 uti
1255 3036 1367 3101 soleat.

221 3140 333 3218 Itaque
357 3156 426 3202 cum
441 3134 606 3218 Apollonii
627 3135 843 3203 testimonium
864 3157 923 3222 pro
944 3137 1043 3203 nihilo
1066 3136 1117 3218 sit,
1140 3135 1221 3202 haec
1239 3135 1368 3218 quidem

221 3238 418 3304 Lachmanni
440 3237 621 3303 coniectura
642 3241 728 3304 certo
750 3239 958 3306 fundamento
981 3245 1077 3305 earet.
1116 3237 1181 3303 Sed
1203 3243 1369 3303 remanent

96 3411 101 3421 ,
221 3360 277 3425 ee,
307 3360 389 3423 quae
419 3359 459 3405 ex
482 3339 595 3404 ceteris
618 3338 806 3406 testimoniis
829 3341 983 3408 conclusit
1003 3362 1034 3426 p.
1057 3341 1102 3405 X:
1132 3358 1215 3423 quae
1240 3339 1368 3423 egregie

221 3463 258 3509 eo
281 3440 452 3508 illustrauit
473 3461 505 3523 p.
520 3441 584 3504 XII
599 3458 678 3522 sqq„
702 3440 789 3523 quod
810 3442 888 3506 artie
910 3442 1089 3509 Bebrianae
1108 3441 1197 3523 legas
1212 3440 1367 3522 quasdam

221 3565 291 3611 curn
314 3544 401 3609 illius
423 3541 525 3627 ipsius
546 3541 618 3608 eeui
642 3541 831 3610 choliambis
849 3537 968 3627 optime
984 3561 1157 3626 congruere
1172 3542 1367 3608 demonstre-

220 3646 268 3712 uit
290 3645 403 3712 eadem
424 3645 492 3710 iere
514 3662 578 3726 que
600 3643 751 3712 Duebner
772 3644 905 3711 ratione.

314 3745 380 3812 Sed
406 3766 447 3812 ue
482 3745 562 3812 haec
593 3745 720 3828 quidem
750 3747 974 3813 Lachmaunus
1005 3745 1164 3830 persuasit
1195 3743 1367 3812 Guilielmo

221 3847 492 3932 Hertnbergio
516 3848 673 3932 (Babrios,
689 3847 784 3914 Helle
803 3851 893 3932 1846,
909 3869 939 3933 p.
958 3848 1017 3912 180
1032 3845 1128 3930 sqq.)‚
1152 3846 1206 3928 qui
1221 3847 1368 3914 metricas

221 3951 424 3960 --—-—--

308 4000 332 4061 1)
350 3997 541 4052 Probeuerunt
557 3997 628 4053 hanc
646 3999 829 4054 coniectorem
842 4013 938 4053 censor
949 3996 1117 4052 Lachmanni
1136 3996 1272 4064 ceteroqui
1289 3995 1369 4050 nimis

220 4081 404 4221 seugrudlrlelo
413 4081 524 4220 1Renier
539 4082 606 4138 Rev.
624 4083 658 4138 de
675 4083 743 4137 Phil.
762 4084 776 4136 I
792 4099 819 4152 p.
833 4087 891 4150 359,
904 4081 1075 4156 ¹llartnngius
1093 4098 1120 4150 p.
1139 4085 1178 4146 13,
1197 4079 1303 4135 Nicolei
1322 4079 1367 4134 (ir.

219 4167 251 4221 L.
292 4181 353 4221 .e.
394 4171 536 4234 ,p.104.
1034 4199 1040 4211 ·

1561 873 1565 972 l

1562 1035 1566 1128 l
