3138 4872
613 403 645 458 ee
663 401 756 458 eaesi
773 405 870 460 aelate.
1257 407 1317 469 163
1416 398 1418 402 ’

168 593 240 640 rum
261 571 399 638 Babrins
421 566 514 659 ᾄδειν
539 573 650 655 μῦθον
673 575 714 641 de
735 575 864 660 Aesopo
887 577 942 644 nin
964 575 1107 663 dixisset,
1129 599 1204 646 nam
1225 583 1319 650 fabu-

169 674 219 740 las
241 673 283 738 ab
298 673 427 758 Aesopo
442 693 538 758 prosa
552 675 695 743 oratione
710 683 857 743 narratas
871 672 962 761 (εἶπε
977 677 1094 764 λόγους
1108 702 1155 766 pr.
1170 683 1211 764 Π,
1227 688 1317 767 ιευ,

168 774 300 859 μύθους
322 773 514 862 φράσαντος
534 778 593 863 τῆς
612 774 791 866 ἐλευθέρης
805 778 941 868 μούσης,
963 781 985 847 i.
1001 800 1028 848 e.
1044 782 1186 849 oratione
1202 784 1316 866 soluta,

166 897 216 963 pr.
231 877 263 959 Ι,
288 881 327 941 15
342 878 405 958 sq.)
428 877 588 963 seipsum
610 879 747 962 primum
769 882 915 948 uersibus
937 883 1142 951 oonoinnatos
1163 883 1317 952 oeeinisse

166 975 220 1058 (ef.
235 998 266 1062 p.
285 981 345 1043 135
361 977 434 1045 adn.
451 977 485 1061 2)
507 977 634 1046 disertis
658 981 765 1048 uerbis
785 983 962 1067 testatnr1).

253 1079 352 1144 Nulla
378 1079 475 1163 igitur
497 1080 618 1147 Naberi
645 1088 719 1148 sunt
748 1089 944 1168 argumenta.
989 1085 1113 1151 Tamen
1142 1085 1316 1168 largiamur

167 1179 353 1268 uirodooto
376 1182 566 1249 monaahum
588 1182 729 1265 aliquem
744 1184 961 1252 recensionem
976 1185 1116 1252 Athoam
1132 1187 1314 1254 oonleoisse.

166 1281 236 1348 lam
258 1282 372 1347 mirum
394 1283 475 1350 illud
497 1283 629 1368 aooidit,
659 1291 695 1350 ut
723 1283 837 1352 eodem
865 1285 932 1352 iere
961 1292 1104 1372 tempore
1135 1306 1197 1369 quo
1219 1291 1316 1372 poeta

166 1383 294 1450 Atheus
315 1385 399 1452 alius
421 1385 518 1450 etiam
539 1385 713 1452 monachus
727 1385 839 1451 Babrii
860 1385 986 1454 fabulas
1008 1387 1205 1474 rescripserit
1219 1392 1315 1472 atque

166 1485 200 1550 in
223 1485 354 1553 easdem
375 1487 466 1572 leges
481 1486 629 1554 metrioas
644 1484 799 1569 inciderit,
820 1507 895 1552 nam
911 1487 1031 1555 Suidae
1046 1487 1189 1555 reeensio
1205 1507 1315 1570 quam-

167 1604 264 1668 quam
285 1587 327 1652 ab
350 1587 458 1654 Athos
486 1605 584 1672 saepe
612 1604 708 1668 quam
736 1585 920 1671 longissime
948 1589 1070 1656 reoedit
1092 1589 1213 1672 uerbis,
1242 1589 1315 1674 ipsa

165 1692 274 1754 tamen
295 1687 399 1754 forma
420 1689 552 1756 metriea
573 1689 670 1774 plane
692 1707 764 1755 eum
780 1707 820 1753 ea
834 1689 987 1772 oongruit.
1018 1687 1084 1756 Sed
1099 1690 1202 1774 magis
1217 1689 1314 1756 etiam

166 1787 282 1854 mirum
297 1796 355 1872 est,
379 1789 465 1870 quod
486 1795 562 1856 ante
577 1809 695 1855 annum
716 1809 748 1874 p.
764 1788 838 1856 Chr.
854 1793 916 1856 300
939 1790 1089 1858 monaehi
1110 1790 1158 1856 illi
1175 1791 1315 1858 uixerint

165 1909 297 1957 neeesse
319 1896 377 1973 est,
400 1909 471 1957 oum
485 1910 597 1958 uersus
612 1889 759 1958 Dosithei
775 1889 878 1973 (ouius
893 1891 1074 1959 testimonio
1090 1891 1159 1958 sine
1173 1891 1241 1957 ulla
1257 1891 1313 1958 du-

165 1990 320 2059 bitatione
334 1992 444 2059 Nabar
465 1996 514 2058 est
528 1991 618 2077 usus)
633 1999 666 2059 et
680 1991 796 2058 Iuliani
814 1989 893 2074 (fab.
910 1995 960 2074 32,
979 1992 1010 2077 1)
1025 1993 1066 2060 ab
1082 1991 1197 2060 Athois
1213 2000 1313 2061 metro

164 2091 246 2157 nihil
267 2091 394 2160 omnino
408 2091 568 2160 reoedaut.
604 2093 688 2174 Quin
704 2094 800 2160 etiam
815 2093 905 2177 ipse
921 2093 1075 2160 Naberi
1088 2095 1314 2162 Pausanias

164 2192 353 2260 Babrium
368 2193 537 2261 Athoum
552 2195 670 2278 legisse
685 2194 862 2262 oensendus
880 2199 974 2278 esset,
991 2213 1066 2260 nam
1080 2195 1113 2260 in
1127 2195 1257 2262 fabulae
1273 2200 1313 2260 20

164 2295 309 2362 frustulis
332 2315 353 2360 a
374 2294 488 2361 Photio
511 2295 533 2362 l.
556 2316 581 2362 s.
604 2315 629 2360 s.
652 2296 788 2363 seruatis
810 2315 960 2362 uersuum
983 2296 1088 2362 exitus
1110 2295 1198 2362 hand
1218 2296 1314 2380 panai

162 2396 273 2462 insum
294 2433 336 2442 —
357 2395 446 2461 uelut
468 2391 503 2458 ἐκ
523 2393 650 2482 κώμης,
673 2399 739 2460 τῶν
761 2399 885 2480 τροχῶν
909 2388 1032 2478 ἅπτου,
1055 2393 1114 2462 τὸν
1135 2394 1219 2462 θεὸν
1241 2396 1312 2482 (pro

161 2493 243 2570 τοὺς
264 2492 382 2578 θεοὺς)
405 2488 509 2574 εὔχου,
531 2492 639 2580 μάτην
663 2489 766 2576 εὔχου,
788 2493 930 2581 κοιλώόη
954 2495 1109 2582 φάραγγα
1124 2495 1197 2584 (pro
1219 2522 1255 2585 φ.
1271 2501 1313 2577 κ.)

162 2631 207 2644 -
231 2596 285 2680 qui
307 2595 349 2660 ab
371 2594 486 2661 Athois
512 2595 592 2660 nihil
613 2594 773 2662 reoedaut.
811 2594 905 2661 Certe
926 2596 988 2660 nisi
1010 2599 1202 2664 Tertulliani
1232 2598 1313 2665 illud

160 2693 305 2784 ‘prorsus
334 2695 488 2762 eredibile
518 2702 567 2762 est
588 2697 664 2777 quia
684 2696 826 2780 ineptum
850 2702 914 2778 est,
945 2702 1065 2762 eertum
1087 2703 1135 2762 est
1157 2700 1233 2779 quia
1254 2700 1312 2765 im-

163 2788 336 2884 possibile'
361 2797 394 2862 in
416 2796 593 2882 philologia
615 2815 740 2880 quoque
763 2797 866 2880 ualet,
892 2793 1055 2863 reicienda
1077 2802 1126 2863 est
1148 2801 1180 2862 et
1202 2799 1312 2883 explo-

164 2899 272 2966 denda
293 2899 414 2966 Naberi
436 2897 477 2964 de
499 2898 619 2966 Bebrio
641 2897 758 2983 opinio.

165 3117 263 3174 studiis
285 3131 378 3172 eorum
400 3115 531 3184 congruit.
566 3113 608 3169 De
630 3112 690 3184 ipso
710 3113 874 3169 Callimacho
894 3111 1022 3182 cogitauit
1040 3111 1205 3169 Schneider.
1223 3115 1240 3170 1.
1254 3131 1276 3171 s.
1290 3130 1312 3171 s.

164 3219 191 3272 p.
209 3207 232 3267 l,
251 3200 299 3256 sed
317 3215 373 3255 non
391 3198 494 3254 sulfioit
511 3214 607 3254 eausa:
625 3193 678 3253 ‘bei
696 3198 794 3254 Suidas
813 3198 886 3254 steht
902 3198 992 3252 hinter
1009 3200 1127 3267 κρημνοῦ
1144 3199 1215 3254 noch
1231 3196 1312 3268 pulla,

164 3286 248 3342 werin
272 3285 317 3340 ioh
340 3284 430 3339 niohts
448 3283 561 3338 anderes
579 3285 620 3337 als
635 3284 847 3350 ΚΑΛΛιμαχυε
864 3277 1004 3348 erkenne’,
1023 3296 1083 3335 oum
1103 3281 1132 3335 in
1148 3281 1221 3349 μάλα
1239 3284 1313 3340 haud

164 3370 247 3428 dubie
258 3370 343 3423 lateat
354 3367 472 3423 oratioue
483 3367 511 3422 in
523 3367 610 3422 medio
623 3369 644 3420 ἐ.
654 3363 696 3419 αὖ.
708 3395 743 3406 -
751 3387 816 3412 υ-
827 3387 851 3420 κ.
864 3387 905 3440 κρ.
918 3381 1001 3420 uersu
1015 3363 1195 3420 desideratus:
1214 3369 1313 3422 uoonla

163 3456 211 3510 illa
232 3454 357 3508 mutilata
381 3467 441 3507 eum
462 3467 570 3507 sensum
594 3467 649 3505 non
666 3451 808 3519 praeheret
825 3450 861 3505 ad
878 3449 1024 3517 marginem
1041 3449 1179 3518 adscripta
1195 3451 1312 3506 uidetur.

164 3540 208 3594 Do
225 3538 413 3594 emendatione
430 3537 538 3592 dubito:
557 3533 734 3590 fundamento
749 3538 823 3590 certo
837 3539 912 3589 earet
923 3533 1119 3592 Sohneidewini
1131 3533 1239 3601 νηιοιυε,
1256 3551 1312 3590 me-

163 3625 218 3679 lius
236 3628 278 3678 est
295 3620 449 3678 Eberhardi
466 3625 495 3694 et
511 3618 679 3675 Lachmanni
696 3614 763 3687 μάλ’
777 3615 870 3672 ἀθέου
887 3621 915 3674 et
931 3619 1020 3688 possis
1037 3618 1119 3673 etiam
1134 3613 1199 3686 μάλ’
1212 3613 1313 3674 ἀδίκως

164 3707 292 3772 seribere,
305 3705 377 3775 quod
386 3705 485 3760 Suidae
497 3703 659 3773 quibusdam
670 3703 736 3759 loeis
745 3719 800 3759 su
809 3703 942 3758 Albanos
950 3708 979 3758 et
987 3697 1151 3756 Αἰσώπειον
1163 3701 1230 3770 αἱμα
1240 3719 1313 3760 oom-

159 3791 320 3851 mandatum
343 3789 391 3844 sed
407 3789 437 3843 in
453 3788 506 3844 heo
523 3803 651 3844 namnum
669 3802 767 3856 genere
784 3789 858 3843 arsin
879 3787 1035 3842 coniectura
1052 3785 1159 3840 soluere
1175 3787 1222 3840 nix
1238 3787 1312 3844 lieet.

254 3879 277 3940 ι)
295 3873 407 3928 Falsum
425 3877 467 3928 est
485 3889 534 3928 our
548 3872 765 3928 Schneidewinus
778 3872 795 3925 l.
806 3887 858 3928 ss.
869 3888 896 3940 p.
909 3874 974 3925 1364
992 3869 1121 3924 aBabrio
1138 3885 1234 3928 uersus
1251 3872 1312 3928 illos

165 3959 304 4016 abiudioat
321 3963 516 4027 argumentum,
533 3958 671 4026 Aesopum
683 3957 783 4012 Babrio
802 3971 862 4011 esse
877 3955 980 4025 Syrum,
998 3970 1053 4010 non
1065 3953 1233 4022 Sermonum,
1250 3973 1314 4012 nam

165 4044 236 4100 falsa
252 4057 381 4098 uersuum
398 4057 517 4112 prooem.
535 4042 569 4109 ll,
590 4046 602 4096 1
621 4057 678 4111 sqq.
697 4045 724 4096 et
741 4039 762 4106 Ι,
784 4045 814 4096 15
833 4039 955 4108 corrupti
971 4039 1068 4095 nititur
1087 4039 1313 4109 interpretatione
1364 4099 1368 4104 .

165 4144 247 4198 quam
263 4143 291 4197 p.
310 4130 342 4181 20
360 4125 519 4196 protulerat.
