3118 4870
580 423 674 480 Oiooro
691 439 742 494 pro
759 424 871 480 Scauro.

694 781 743 856 II.
933 841 936 848 ,

297 933 355 1000 DE
378 929 601 1000 CICERONIS
624 929 707 998 PRO
731 929 900 998 SOAURO
923 929 1150 999 ORATIONE.

230 1202 373 1269 Historia
400 1220 516 1270 sensae
539 1202 732 1268 Sertorianae
762 1201 936 1286 explanata
964 1200 1007 1267 ad
1028 1202 1164 1290 alteram
1186 1201 1293 1287 dispu-

145 1303 275 1372 tationis
297 1308 423 1388 partem
444 1302 644 1389 aggredienti
664 1301 801 1388 primum
823 1299 950 1368 uidetur
975 1323 1046 1371 esse
1068 1302 1293 1386 quaerendum,

144 1424 221 1488 quo
258 1404 516 1472 defensionis
551 1405 637 1472 looo
671 1405 817 1472 Gioero
852 1402 1015 1471 dixerit.
1066 1405 1169 1485 Quam
1198 1426 1293 1491 quae-

145 1505 283 1574 stionem
312 1507 372 1573 etsi
400 1504 444 1573 ad
471 1506 582 1573 iudioii
611 1505 775 1572 historiam
805 1504 899 1571 simul
921 1510 1066 1590 spectare
1087 1527 1151 1572 non
1172 1508 1293 1592 ignoro,

144 1613 253 1674 tamen
282 1627 352 1674 oum
382 1627 423 1674 ex
451 1609 521 1693 ipsa
552 1607 693 1673 oratione
722 1605 825 1690 magis
852 1612 947 1672 etex
970 1607 1293 1676 totomore'Oioero-

144 1708 257 1792 niano,
287 1730 384 1792 quam
405 1731 446 1777 ex
467 1707 578 1774 iudioii
600 1709 712 1776 ordine
734 1707 881 1774 uideatur
902 1706 1070 1774 diiudioari
1092 1729 1202 1794 posse,
1232 1710 1295 1776 huo

145 1813 303 1878 transtuli.

229 1913 386 1980 Asoonius
409 1912 474 1997 (18,
498 1911 531 1995 9)
553 1911 639 1979 enim
665 1910 755 1977 dioit:
776 1910 916 1994 suerunt
942 1911 978 1974 lo·
1002 1932 1063 1973 seo
1089 1909 1146 1995 (so.
1169 1913 1295 1996 patroni

144 2012 288 2097 Scauri).·
316 2014 354 2076 P.
381 2011 507 2078 Clodius
528 2012 681 2086 Pulcher,
711 2011 756 2075 M.
780 2012 965 2085 Marcellus,
995 2012 1041 2074 M.
1067 2012 1221 2086 Calidius,
1248 2013 1293 2076 M.

146 2113 274 2188 Cicero,
297 2113 343 2178 M.
366 2115 505 2178 Messala
527 2114 645 2196 Niper,
673 2113 708 2194 Q.
732 2113 932 2180 Hortensius.
978 2115 1098 2182 Beier
1119 2121 1226 2181 autem
1248 2113 1294 2198 (in

144 2215 285 2284 editione
314 2235 373 2284 sua
401 2238 431 2301 p.
465 2217 539 2300 197)
568 2224 616 2300 et,
644 2218 699 2298 qui
728 2237 801 2283 eum
831 2223 959 2284 seoutns
991 2221 1055 2299 ost,
1091 2218 1294 2282 Drnmannus

145 2315 277 2398 (Gesoh.
292 2315 399 2383 Rome.
415 2317 475 2399 VI,
491 2338 522 2401 p.
539 2317 593 2401 37)
617 2318 818 2401 Oioeronem,
848 2323 883 2383 ut
905 2319 974 2383 eius
995 2337 1065 2382 mos
1086 2317 1197 2399 fuerit,
1225 2338 1294 2403 per-

143 2418 321 2485 orationem
343 2415 495 2482 habuisse
518 2421 656 2483 oensent.
697 2416 815 2482 Contra
829 2419 866 2481 A.
883 2419 933 2483 W.
950 2417 1166 2500 Zumptius
1189 2418 1295 2500 (Rom.

143 2518 357 2584 (irim-Pron.
380 2538 411 2601 p.
435 2515 511 2599 227)
541 2515 640 2582 habet
668 2516 763 2582 haee:
799 2515 877 2578 Mon
907 2518 1014 2579 nimmt
1039 2517 1129 2600 jetzt
1160 2539 1215 2592 an,
1244 2519 1295 2582 die

142 2617 351 2683 Sohlossrede
372 2617 452 2680 habe
469 2616 578 2681 Cicero
600 2617 745 2700 yeholten
766 2617 831 2680 und
851 2619 954 2680 ossei
972 2616 1136 2700 diejenipe,
1161 2641 1217 2682 oss
1238 2621 1296 2683 der

143 2719 364 2783 Broohstdolce
385 2718 476 2802 strip
498 2718 578 2782 aad.
615 2718 672 2782 Iole
693 2718 766 2781 seha
779 2740 821 2781 zo
836 2718 940 2782 dieser
961 2717 1170 2801 Vermutlzsop
1184 2719 1296 2784 kainon

147 2819 274 2894 (trono,
303 2820 414 2901 plaste
441 2820 606 2894 oielmelzr,
637 2820 711 2884 dass
741 2820 791 2882 die
808 2819 1037 2904 ,Vertteidiper
1058 2822 1090 2883 io
1113 2819 1295 2904 derjenipen

143 2921 356 3004 Rethonsolpe
377 2921 541 3006 sprooheo,
564 2922 622 2984 wie
644 2922 799 2984 Asconius
819 2922 866 2984 sie
887 2932 990 2984 noant.
1034 2920 1132 2984 Dana
1154 2943 1221 2984 war
1246 2921 1296 2985 02·-

145 3043 220 3086 oero
242 3023 299 3085 dor
320 3022 466 3106 oierte1).
513 3021 580 3088 Sed
602 3042 657 3089 eur
678 3023 740 3089 hoo
760 3023 923 3106 putauerit
943 3043 1007 3089 non
1030 3023 1186 3108 explieat:
1209 3029 1295 3089 oerte

144 3123 276 3189 Asoonii
305 3124 476 3190 auotoritas
503 3143 576 3190 eum
597 3125 716 3207 mouit,
745 3124 834 3190 ouius
856 3123 963 3191 uerbis
985 3145 1060 3192 num
1081 3125 1150 3191 iure
1172 3129 1295 3191 tantam

145 3225 207 3290 hao
228 3224 262 3290 in
283 3245 318 3291 re
340 3225 436 3292 fidem
458 3225 605 3292 tribuerit
626 3226 734 3292 statim
756 3225 933 3292 uideamus.

230 3325 362 3392 constat
384 3324 569 3392 Ciceronem
590 3333 664 3410 post
686 3325 843 3410 clodium,
867 3329 923 3412 qui
941 3327 1037 3390 molto
1059 3324 1144 3388 doeio
1167 3324 1210 3408 (ξ.
1229 3325 1295 3408 37),

147 3432 178 3492 et
205 3427 239 3492 in
269 3429 373 3494 altero
394 3427 519 3494 aetione
532 3426 559 3510 2)
582 3427 758 3494 orationem
783 3427 945 3495 habuisse.
989 3429 1071 3493 Eum
1094 3431 1202 3494 autem
1224 3447 1295 3511 per-

146 3547 254 3594 orasse
277 3548 349 3594 oum
372 3549 412 3594 ex
435 3549 539 3594 more
561 3527 630 3594 eius
652 3529 754 3595 oonioi
775 3532 887 3615 possit,
910 3537 978 3596 tum
1001 3549 1042 3596 ex
1057 3529 1129 3612 ipsa
1143 3529 1295 3595 orationis

145 3630 272 3694 forma
302 3635 334 3695 et
361 3649 511 3694 summa
538 3629 606 3697 ueri
632 3630 736 3698 simile
757 3631 802 3696 fit.
853 3632 938 3697 Nam
959 3632 1138 3712 fragmenta
1160 3631 1296 3698 oolleota

147 3729 175 3796 si
197 3729 367 3811 diligenter
387 3730 578 3815 perlegeris,
609 3730 649 3799 de
671 3739 763 3816 patre
784 3730 833 3814 (fr.
859 3732 889 3814 1,
908 3729 1034 3815 11-4),
1057 3729 1098 3796 de
1121 3730 1295 3798 maioribus

233 3903 258 3964 1)
275 3897 416 3952 sedidem
434 3897 476 3952 uir
494 3898 589 3952 doetus
608 3897 728 3952 eiusdem
743 3897 806 3952 libri
823 3896 877 3952 nlio
894 3897 955 3952 loeo
973 3901 1010 3966 (p.
1021 3901 1082 3964 513)
1098 3912 1211 3967 prorsus
1230 3913 1294 3954 oon·

145 3984 259 4038 tranium
277 3981 356 4036 dicit:
382 3980 496 4037 Cicero's
513 3981 600 4046 Rode,
625 3981 683 4046 die,
708 3981 772 4036 weil
786 3981 826 4035 sie
843 3979 947 4035 zuietzt
966 3979 1093 4051 pedatim
1110 3982 1218 4048 morde,
1242 3999 1296 4039 nor

146 4070 206 4122 eine
223 4067 383 4138 otlpeowine
405 4065 620 4138 Vertdeidiqunq
637 4063 754 4120 eottielt.
824 4068 850 4131 2)
872 4066 896 4131 §.
916 4069 962 4119 29:
981 4065 1056 4135 quod
1068 4065 1192 4138 priorem
1210 4068 1294 4123 oetio-

146 4167 205 4207 nem
225 4156 308 4206 totam
325 4150 465 4206 srrstultsti.
