3138 4872
297 389 357 452 190
775 387 839 442 Otto
858 385 969 441 Crusius

297 563 505 649 proprium
539 578 737 642 nunquam
770 556 953 624 inueniri
986 554 1092 639 apud
1121 555 1315 638 Graecos,
1349 561 1442 639 atque

298 685 338 732 ne
361 663 466 730 simile
488 663 618 746 quidem
641 660 783 729 eiusdem
805 659 913 744 stirpis
935 663 990 724 aut
1012 656 1099 741 apud
1118 656 1256 723 Graecos
1269 656 1293 738 ¹)
1318 663 1443 726 exstare

297 771 353 832 aut
382 765 468 850 apud
498 771 620 832 ceteros
646 761 923 845 indogermanicos
952 757 1031 842 quos
1064 764 1179 826 uocant
1206 759 1360 843 populos,
1390 761 1442 842 qui

297 873 440 935 ueterem
462 866 551 932 illam
573 865 735 931 nominum
751 884 793 930 ex
807 862 931 929 duobus
954 860 1119 928 elementis
1136 858 1357 943 fingendorum
1372 881 1442 928 con-

298 969 500 1038 suetudinem
523 1004 564 1014 -
583 955 920 1048 ‘Vollnamensystem²
954 983 1050 1046 quam
1080 961 1209 1028 Fickius
1238 962 1382 1029 nominat
1405 999 1442 1009 -
1539 1031 1540 1056 p

298 1074 521 1137 seruauerunt:
537 1068 575 1133 cf.
588 1067 693 1134 Fickii
708 1065 824 1133 librum
837 1060 903 1131 ‘die
918 1063 1139 1150 griechischen
1156 1056 1438 1130 Personennamen'

298 1171 494 1255 inscriptum.
539 1169 657 1234 Contra
686 1167 792 1251 apud
821 1167 998 1253 populos
1026 1163 1213 1247 Italicos,
1247 1163 1302 1245 qui
1323 1164 1442 1231 ratione

298 1273 394 1355 plane
417 1290 501 1336 nona
523 1269 653 1335 nomina
674 1267 833 1334 finxerunt
855 1268 1012 1353 simplicia
1033 1271 1065 1332 ct
1080 1283 1161 1348 qnae
1177 1265 1220 1332 ad
1234 1265 1375 1349 speciem
1390 1264 1442 1332 ho·

299 1372 419 1437 minum
437 1369 719 1450 condicionemque
734 1373 916 1454 spectarent
931 1367 1050 1451 (Fickii
1062 1359 1442 1452 ‘Spitznamensystcm')‚

298 1474 430 1558 ipsum
453 1471 628 1538 Babrius
650 1491 793 1538 nomen
814 1471 905 1556 plus
927 1470 1050 1536 semel
1072 1469 1284 1535 inuenitur
1307 1467 1443 1534 maxime

300 1576 333 1639 in
352 1574 495 1660 lapidum
511 1572 779 1658 inscriptionibus,
803 1571 1044 1637 Vetustissimos
1059 1569 1185 1636 uidetur
1199 1571 1311 1636 titulus
1322 1571 1443 1636 Umbri·
1542 1599 1543 1604 ¹

300 1696 355 1743 cus
378 1677 467 1742 Aufr.
490 1679 523 1741 et
544 1675 674 1741 Kircbb.
698 1695 728 1758 p.
751 1677 813 1739 389
825 1690 871 1753 sq.
895 1670 1205 1736 NLR·T·BABR·
1223 1670 1234 1756 ΙΙ
1251 1670 1441 1738 NARONA-

300 1779 381 1845 ΤΕΙ.
425 1777 515 1844 Idem
545 1775 682 1842 Babrius
711 1775 765 1841 uel
795 1777 948 1857 cognatus
978 1772 1045 1838 eius
1076 1772 1258 1838 nominatur
1289 1775 1322 1838 in
1355 1773 1442 1838 titulo

300 1881 410 1964 lingua
431 1878 547 1944 Latina
567 1877 745 1960 conscripto
767 1874 801 1940 C.
817 1876 842 1939 Ι.
857 1875 894 1939 L.
910 1875 935 1956 Ι,
954 1876 1034 1936 1412
1051 1873 1443 1940 Nus-Blssalvsns
1543 1887 1544 1910 ¹

300 1982 382 2045 inter
403 1998 461 2045 sex
484 1979 569 2044 uiros
592 1977 784 2060 Asisinates,
815 1976 870 2058 qni
895 1969 1033 2042 ‘murum
1058 1974 1100 2040 ab
1122 1974 1241 2041 tomice
1263 1976 1306 2041 ad
1329 1976 1443 2042 circum

301 2087 334 2144 et
354 2079 508 2145 fornicem
530 2077 764 2159 cisternamque
787 2127 842 2142 ...
865 2075 1050 2142 faciundum
1071 2068 1262 2143 coirauere'.
1301 2075 1442 2159 Sequnn·
1544 2113 1545 2116 ¹

300 2184 351 2244 tur
372 2178 478 2244 liberti
500 2177 562 2245 duo
587 2178 621 2244 0.
637 2179 660 2242 Ι.
679 2179 713 2244 L.
734 2179 759 2262 I,
777 2180 839 2242 566
861 2178 906 2242 P·
920 2177 1103 2244 BABRIVS
1116 2195 1122 2210 ·
1135 2179 1161 2243 L
1173 2194 1180 2209 ·
1194 2181 1240 2244 L·
1256 2184 1287 2246 et
1303 2229 1310 2244 .
1328 2229 1336 2244 .
1352 2230 1359 2244 .
1376 2179 1441 2243 BA-

301 2279 425 2345 BRIVS
438 2295 445 2308 ·
458 2280 483 2343 L
497 2294 504 2309 ·
517 2279 569 2344 L·.
614 2277 749 2346 Accedit
769 2279 879 2346 titulus
903 2279 990 2346 (irat.
1014 2301 1098 2365 corp.
1121 2302 1152 2365 p.
1175 2281 1359 2348 DCLXXII
1379 2283 1443 2345 n.9

301 2380 365 2448 iarn
385 2379 567 2447 aKnochio
590 2381 767 2464 exscriptus
784 2379 1086 2447 C·BABRI·RVNI
1101 2379 1112 2465 ΙΙ
1130 2381 1319 2448 VIX·ANN
1334 2379 1346 2464 11
1362 2381 1424 2446 XX
1436 2379 1444 2463 11

302 2482 625 2549 nunciaretur
642 2479 653 2566 ΙΙ
671 2533 678 2548 .
696 2534 703 2548 .
721 2532 728 2548 .
749 2482 840 2547 Β·Μ
853 2483 900 2546 ’N
916 2481 940 2562 11.
985 2482 1174 2549 Coniectura
1199 2483 1336 2550 fortasse
1356 2482 1443 2549 resti-

301 2689 379 2755 βρίαυ
401 2683 567 2752 μαθίαμβοι)
585 2699 631 2738 eos
649 2683 747 2750 legisse
764 2682 824 2736 ueri
841 2682 876 2736 sit
893 2682 986 2736 simile.
1021 2682 1174 2737 Discrimen
1191 2683 1258 2738 facit
1276 2685 1349 2752 quod
1368 2681 1444 2738 Auia·

301 2785 366 2834 nus,
390 2769 436 2835 qui
460 2783 507 2820 sex
531 2769 575 2822 uel
592 2773 694 2836 septem
712 2766 828 2820 saeculis
846 2768 980 2822 uetustior
997 2771 1040 2822 est
1057 2773 1084 2822 et
1101 2783 1135 2822 ex
1152 2767 1261 2822 Titiano
1283 2784 1335 2823 sua
1352 2769 1445 2833 hausit,

301 2854 330 2908 in
347 2851 515 2922 praefatione
533 2868 558 2921 p.
575 2857 599 2916 4,
620 2855 647 2903 11
667 2849 714 2904 Fr.
732 2851 860 2906 Babrius
878 2851 965 2905 forme
982 2851 1077 2906 utitur.

390 2940 413 3001 1)
431 2932 526 3003 Βάβης
543 2935 616 2990 serui
633 2951 743 3002 nomen,
766 2941 884 3003 Βαβιαα,
907 2940 1035 3003 Raptor,
1053 2935 1121 3002 alia,
1145 2951 1213 3004 quac
1232 2936 1446 2991 Schneidewinus

302 3019 406 3091 profert
417 3020 433 3073 l.
444 3035 465 3072 s.
476 3035 497 3073 1.
516 3038 532 3089 ρ
548 3018 666 3072 litteram
683 3034 738 3090 non
755 3019 864 3086 habent,
884 3018 993 3092 Βάβραε
1010 3024 1102 3075 autem
1118 3024 1162 3085 (st.
1178 3026 1340 3092 Baccara-l
1358 3025 1385 3076 et
1396 3027 1447 3073 Βα-

301 3103 433 3175 βράντιον
456 3103 564 3157 urbium
588 3108 652 3156 sunt
673 3103 782 3157 nomina
800 3104 834 3158 ab
852 3120 905 3158 uno
925 3103 1062 3173 Stephano
1080 3106 1211 3176 Byzantio
1232 3107 1446 3161 commembrata.

302 3188 396 3256 Neque
414 3202 565 3255 prouocare
582 3187 684 3255 poteris
697 3187 733 3240 ad
745 3186 906 3259 Βαβρώνιας
917 3205 1022 3258 nomen,
1041 3191 1113 3259 quod
1123 3206 1156 3245 ex
1165 3191 1261 3246 Galeni
1269 3191 1353 3258 gloss.
1364 3207 1390 3260 p.
1400 3193 1447 3244 116

303 3271 446 3340 exscripsit
463 3271 620 3325 Diodorlius
638 3271 666 3324 in
685 3271 816 3340 Stephani
832 3273 973 3327 thesauro:
992 3275 1097 3330 codices
1115 3276 1185 3329 enim
1198 3276 1339 3349 Βαβαρῶα
1358 3280 1385 3328 et
1396 3279 1448 3326 Βα-

302 3362 403 3428 ρααίαα
426 3355 527 3409 habent
549 3358 576 3408 et
593 3352 773 3423 Βαβυλωνίου
794 3356 852 3424 ipse
870 3357 1026 3412 ltindorfius
1044 3352 1167 3414 coniecit.
1202 3359 1297 3427 Neque
1314 3375 1350 3413 ne
1368 3373 1448 3413 uoca-

301 3441 395 3496 bulum
413 3439 520 3508 quidem
538 3439 672 3494 Graecum
688 3439 819 3508 inuenies,
838 3457 890 3510 quo
903 3439 1022 3514 Βάβριος
1039 3444 1129 3512 aliqua
1146 3443 1340 3513 probabilitate
1357 3443 1451 3498 referri

302 3525 396 3596 possit.
431 3523 484 3576 Alii
501 3524 575 3578 aliud
592 3529 804 3593 proposuerunt:
827 3521 960 3598 βαβράζω
979 3527 1112 3595 Bergkius
1130 3528 1148 3583 l.
1159 3545 1180 3583 s.
1191 3544 1212 3582 s.
1228 3543 1255 3596 p.
1271 3531 1319 3581 121
1334 3559 1366 3568 ·-
1379 3525 1451 3595 quod

302 3611 416 3682 uerbum
441 3625 496 3663 non
518 3608 657 3664 inuenitur
680 3607 733 3663 nisi
756 3625 810 3663 uno
834 3609 894 3664 loco
916 3613 1013 3677 (Anan.
1035 3612 1176 3668 choliamb.
1197 3612 1234 3665 M.
1253 3629 1280 3682 p.
1307 3615 1378 3677 131),
1405 3611 1451 3666 ubi

303 3694 458 3748 cicadarum
474 3693 618 3762 strepitum
630 3692 764 3761 significat
776 3723 817 3759 -,
835 3692 920 3763 βαρύς
931 3696 1086 3750 Lobeckius
1098 3698 1199 3766 pathol.
1209 3713 1236 3765 p.
1246 3700 1291 3750 491
1309 3701 1337 3750 ct
1348 3695 1451 3751 Preller

302 3777 381 3830 111.
393 3807 425 3816 —
437 3776 485 3831 sed
501 3782 521 3844 β
539 3778 712 3833 consonantis
730 3777 775 3832 hic
792 3773 979 3848 ‘pleonasmus'
1000 3796 1098 3835 uereor
1115 3785 1146 3835 ut
1163 3781 1244 3836 dnbio
1262 3781 1309 3836 illo
1328 3787 1355 3836 et
1372 3781 1451 3835 aliter

304 3863 460 3929 comparato
473 3866 598 3935 Χαβρίας
611 3863 726 3918 nominis
739 3863 861 3933 exemplo
874 3864 941 3918 satis
954 3865 989 3918 111
1000 3865 1145 3920 firmatum.
1174 3865 1343 3935 Bernhardpi
1360 3871 1451 3920 autem

304 3943 394 4011 opinio
413 3944 459 3998 Gr.
469 3944 501 4000 L.
513 3947 545 4000 G.
555 3946 598 4000 ΙΙ2
609 3964 636 4016 p.
647 3952 696 4000 146
713 3942 796 4002 ‘Jetzt
813 3948 879 4002 uird
896 3963 974 4003 man.
987 3989 992 4002 .
1005 3991 1010 4002 .
1022 3949 1073 4004 den
1090 3949 1336 4006 landschaltlicben
1347 3949 1450 4004 Nomen

304 4025 376 4082 eines
393 4028 557 4084 asiatischen
574 4031 701 4086 Dicbters
718 4032 783 4087 eber
800 4027 934 4100 ertragen'
956 4033 1033 4100 quasi
1050 4048 1120 4103 equa
1137 4040 1180 4090 est
1196 4034 1319 4102 lundata,
1340 4051 1401 4090 cnm
1417 4032 1449 4086 de

305 4110 386 4180 Syria
401 4111 492 4165 Babrii
508 4115 597 4181 patria
613 4116 681 4170 nihil
699 4122 823 4171 constare
841 4116 996 4173 uiderimus.
