3118 4870
580 416 613 471 de
630 415 725 471 Babrii
742 419 839 472 aetate.
1227 415 1288 476 213

138 588 264 673 agebat,
291 586 373 654 redit
394 588 597 671 prouerbium
624 582 775 673 ἄρκτου
798 587 1015 675 ιταρσύσης
1038 587 1127 677 ἰ’χνη
1150 587 1200 678 μη
1225 588 1291 678 ζή-

137 714 215 770 τει,
246 689 287 755 de
318 707 380 772 quo
407 688 567 755 Zenobius
589 690 636 773 Il,
659 693 714 754 36:
745 687 801 754 ἐστὶ
831 691 897 754 τῶν
929 688 1077 756 δειλῶν
1105 695 1290 779 κυνηγῶν

139 790 267 880 εἴρηται
294 785 313 877 ἦ
343 794 522 877 παροιμία.
568 793 748 876 Μέμνηται
779 789 815 854 δὲ
844 782 944 877 αύτης
967 792 1229 881 Βακχυλίδης
1257 792 1290 861 ἒν

138 895 290 959 Παιᾶσιν
314 891 446 975 (Bergk.
468 892 544 975 lyrr.
564 913 595 976 p.
615 895 727 975 1231),
757 897 853 972 atque
875 894 1036 976 geminum
1058 894 1138 959 illud
1169 889 1289 979 ἄρκτου

29 1001 31 1006 ’
138 993 310 1082 παρούσης
332 989 373 1057 τὰ
398 991 469 1079 ἰ’χνη
494 990 599 1079 ζητεῖς
622 992 755 1074 Diogen.
774 993 814 1076 11,
831 997 871 1058 70
895 998 927 1058 et
949 995 1066 1062 Suida‘s
1089 1016 1113 1062 a.
1138 1015 1185 1080 u.,
1214 1017 1290 1081 quc·

121 1115 205 1163 ‘rum
228 1097 284 1162 ille
307 1093 398 1160 addit
421 1091 478 1159 δττὶ
493 1096 560 1159 τῶν
576 1092 694 1159 δειλῶν
717 1097 871 1180 κυνηγῶν,
895 1095 947 1162 Ιιίο
970 1093 1026 1162 ἕττὶ
1049 1101 1115 1163 τῶν
1136 1095 1178 1163 τὰ
1202 1121 1290 1184 τιαρ-

137 1198 218 1265 όντα
236 1196 341 1284 ζητεῖν
358 1199 655 1282 ττροςττοιονμένῶν
672 1193 831 1278 (similiter
847 1193 903 1262 ἐντὶ
920 1200 986 1263 τῶν
1001 1197 1179 1286 προδήλων
1195 1200 1290 1282 Greg.

138 1303 234 1386 prr.
254 1300 296 1366 M.
317 1302 342 1384 Ι,
360 1304 400 1363 54
423 1307 455 1366 et
476 1300 593 1365 Macar.
616 1299 656 1381 ΙΙ,
673 1301 713 1360 42
736 1304 832 1379 atque
855 1295 913 1364 erut
935 1303 1001 1365 τῶν
1024 1293 1156 1388 ἀδήλων
1178 1303 1289 1387 Apost.

138 1405 178 1486 ΙΙ,
195 1406 235 1466 ‘ll
252 1406 363 1487 aperto
379 1397 508 1483 errore).
540 1401 623 1467 Usus
640 1406 689 1465 est
704 1418 743 1465 ec
758 1399 979 1468 Aristaenetus
995 1423 1044 1488 ep.
1060 1405 1101 1488 ΙΙ,
1119 1409 1154 1468 12
1172 1403 1216 1489 (p.
1232 1407 1290 1468 165
1365 1482 1367 1490 ρ

137 1503 255 1586 Belua.)
278 1497 397 1590 δρκτου
414 1499 586 1588 παρούσης
610 1551 667 1566 ...
691 1493 749 1565 οδκ
773 1497 961 1588 ἓττιζητὴσιυ
976 1502 1018 1568 τὰ
1034 1504 1105 1593 ἰ’χνη
1129 1510 1227 1586 alque
1248 1504 1292 1570 ad

137 1605 352 1672 narrationem
375 1603 513 1668 similem
529 1606 676 1687 spectant
692 1621 775 1684 quae
790 1603 889 1670 habet
904 1605 1094 1671 Plutarchus
1108 1607 1142 1672 in
1158 1607 1289 1673 Lucullo

137 1727 164 1773 c.
182 1711 201 1772 8
224 1728 255 1791 p.
272 1709 348 1771 496:
372 1700 545 1790 [Lucullus]
570 1695 629 1768 ούκ
651 1702 715 1792 ἔφη
740 1703 926 1792 δειλότερος
948 1701 1116 1772 εἶναιτῶν
1134 1710 1289 1795 κυνηγῶν,

137 1801 225 1873 ῶστε
250 1804 295 1872 τὰ
322 1811 428 1894 θηρία
455 1803 638 1892 ιταρελθῶν
665 1803 723 1870 ε’ττὶ
752 1804 865 1883 κενούς
895 1799 1004 1873 αὐτῶν
1032 1805 1110 1885 τούς
1139 1807 1291 1895 φωλεοὺς

136 1908 301 1994 βαδίζεινε
326 1910 363 1975 cf.
380 1908 468 1975 editt.
485 1908 570 1974 uon.
593 1907 635 1973 ad
658 1908 777 1975 Zencb.
793 1911 833 1993 ll,
850 1913 900 1976 36.

225 2011 304 2078 Fab.
327 2015 366 2075 93
390 2012 536 2096 luporum
559 2010 659 2093 legati
680 2030 793 2094 pacem
815 2011 929 2078 cuibus
952 2011 1088 2080 offerunt
1117 2031 1156 2078 ea
1184 2011 1291 2078 condi·
1360 2021 1363 2028 ’

138 2113 246 2194 cione,
274 2119 309 2179 ut
337 2132 431 2179 canes
461 2111 504 2176 ad
536 2112 726 2196 supplicium
749 2112 811 2178 sibi
833 2111 1006 2180 tradantur.
1052 2113 1155 2193 Quam
1184 2112 1291 2179 cundi·

138 2215 263 2282 cionem
286 2235 357 2280 cunr
379 2234 458 2298 grex
480 2213 615 2280 stolidus
637 2214 806 2299 acciperet,
829 2215 912 2283 aries
935 2235 1034 2283 senex

340 2342 468 2434 “καινης
489 2371 526 2431 γε
547 2341 680 2433 ταύτης
708 2344 783 2412 sine
802 2343 873 2435 ςτῆς
894 2357 1074 2439 μεσιτείης.

346 2440 534 2534 ἀφύλακτος
557 2444 633 2530 ὑμῖν
656 2451 729 2524 ττῶς
753 2447 814 2532 eut
839 2451 1033 2537 συνοικησισ,

346 2541 391 2613 δι’
419 2545 475 2626 οὓς
498 2543 662 2630 utriscum
684 2547 767 2635 μηδὲ
790 2552 845 2614 νύν
869 2543 1049 2628 ἀκινδύνους

301 2669 304 2675 ’
346 2647 463 2729 ἔξεστι,
486 2655 595 2716 καίτοι
616 2651 683 2715 τῶν
704 2653 809 2716 κυνῶν
830 2675 872 2734 με
893 2645 1109 2739 τηρούντωνξ

140 2787 227 2868 Quid
249 2786 367 2852 factum
394 2786 435 2853 sit
463 2786 577 2853 ouibus
602 2809 665 2854 ncu
694 2792 848 2854 narratur.
892 2788 1005 2854 Paullo
1034 2787 1193 2871 pleniores
1221 2797 1316 2856 sunt·

140 2897 269 2956 ceterae
290 2888 342 2954 uel
358 2887 501 2954 Graecae
523 2888 617 2955 huius
639 2890 818 2972 argumenti
838 2889 968 2956 fabulae
990 2887 1040 2972 (Ο.
1055 2909 1086 2974 p.
1107 2894 1164 2953 155
1179 2907 1226 2971 sq.
1246 2891 1292 2962 in,-

140 3011 204 3074 que
218 2988 331 3075 primis
346 2987 379 3056 S.
399 2989 481 3072 151),
504 2988 562 3056 scd
576 2990 790 3074 pulcherrirna
805 2991 944 3057 omnium
960 2997 1066 3056 exstat
1081 2991 1170 3057 Rom.
1183 2992 1240 3074 Ill,
1258 2995 1292 3056 13

140 3122 184 3146 --
198 3090 336 3158 Phaedr.
352 3091 472 3158 Drcssl.
490 3111 564 3176 app.
579 3092 620 3175 ΙΙ,
637 3096 677 3156 20
690 3093 731 3175 1);
751 3086 851 3159 ‘Oues
871 3099 902 3160 et
925 3094 991 3178 lupi
1012 3093 1094 3159 inter
1115 3112 1151 3158 se
1173 3093 1294 3159 bellum

139 3193 306 3278 gerebant,
321 3191 367 3257 ita
382 3197 416 3257 ut
430 3193 520 3257 nulla
534 3213 608 3279 pars
624 3194 681 3259 alii
695 3193 831 3260 eederet
858 3195 938 3261 Illae
954 3189 1055 3279 [oues]
1070 3201 1161 3260 erant
1175 3195 1292 3280 plures,

141 3299 269 3362 etcum
293 3292 338 3358 eis
362 3312 457 3359 canes
480 3300 512 3358 et
533 3294 659 3361 arietes.
695 3295 806 3362 Visum
829 3302 877 3362 est
898 3297 1024 3381 signum
1046 3296 1200 3362 uictoriae
1222 3315 1292 3362 esse

142 3394 260 3463 cuium.
294 3395 385 3460 'lunc
399 3395 466 3478 lupi
481 3395 606 3481 legatos
629 3397 757 3462 mittunt
778 3417 892 3482 pacem
913 3403 1059 3483 petentes
1081 3395 1215 3463 iurando
1239 3395 1293 3478 (cf.

141 3495 254 3562 Babrii
275 3486 392 3582 ὅρκους
415 3501 573 3584 φέροντες
594 3499 651 3562 καὶ
671 3501 809 3581 βέβαιον
832 3497 988 3586 εἰρήνην),
1010 3499 1038 3564 si
1056 3517 1151 3566 canes
1165 3497 1295 3565 obsides

142 3597 258 3664 darent
280 3597 390 3680 (aliter
411 3597 562 3683 Babrius)
592 3604 624 3666 et
646 3620 724 3666 oues
746 3601 869 3668 catulos
891 3621 1000 3667 eorum
1024 3601 1067 3667 ab
1096 3600 1143 3666 eis
1171 3595 1313 3684 accipe'

144 3705 224 3766 rent.
262 3699 313 3765 Ita
333 3699 475 3766 fecerunt
497 3707 530 3766 et
550 3699 686 3768 iurando
709 3700 803 3768 fidem
827 3701 983 3769 dederunt
1004 3701 1078 3768 illis.
1116 3698 1238 3767 Ouibus
1260 3700 1294 3767 in

143 3820 226 3883 pace
246 3799 360 3883 positis
381 3801 483 3886 lupini
505 3803 603 3869 catuli
624 3802 749 3870 ululare
772 3810 957 3886 coeperunt;
981 3801 1048 3887 lupi
1069 3808 1162 3870 natos
1184 3801 1296 3868 uexari

143 3907 295 3986 putantes
311 3900 440 3968 ueniunt
454 3903 605 3988 undique,
627 3905 721 3970 simul
745 3903 853 3969 dicunt
875 3924 987 3988 pacem
1009 3903 1051 3970 ab
1073 3903 1139 3970 illis
1159 3911 1294 3990 ruptam.

231 4157 255 4220 1)
273 4152 397 4208 Phaedro
417 4168 476 4208 eam
493 4153 615 4208 uindicat
633 4154 713 4208 etiam
731 4153 762 4207 L.
775 4153 890 4208 Mueller
906 4148 949 4208 ‘dc
960 4149 1025 4208 ·Ph.’
1044 4171 1072 4224 p.
1087 4160 1125 4212 18.
