3118 4870
575 425 608 480 dc
626 424 720 481 Babrii
738 425 835 480 aetate.
1213 427 1274 490 207

122 597 227 684 ipsum
244 597 374 664 fabulae
393 617 529 665 acumen
550 597 763 692 praefractum
788 603 836 664 ast
858 603 890 664 et
912 598 1069 667 obtusum.
1103 601 1219 670 Verum
1241 609 1278 670 ut

124 697 283 766 sententia
304 698 376 779 illa,
407 718 503 780 quam
526 699 613 784 apud
633 698 816 764 Phaedrum
844 697 1081 783 simplicissime
1109 703 1216 769 cornix
1240 723 1276 770 se

124 798 301 866 defendens
321 798 459 884 profert,
484 800 592 882 aliquo
614 800 710 866 modo
733 800 944 884 exprimatur,
973 807 1137 885 tamquam
1159 803 1212 870 dei
1234 823 1275 870 ex

122 899 271 968 machina
285 899 318 966 in
332 899 396 966 fine
411 903 545 987 γέρανοι
565 901 614 966 illi
628 899 806 984 ueniunt1),
828 906 863 966 ut
877 902 1101 984 grauissimum
1115 904 1275 990 accipiant

122 1007 344 1087 praeceptum:

524 1137 531 1150 .
549 1137 556 1151 .
574 1137 581 1151 .
599 1077 732 1173 φεύγετ’
759 1077 952 1172 ἀνθρώπων

240 1209 242 1213 ·
274 1189 367 1271 γένος
389 1186 546 1275 πονηρόν,
570 1181 655 1252 ἄλλα
677 1186 737 1269 μὲν
760 1183 847 1273 πρὸς
869 1180 1032 1275 ἀλλήλους

277 1288 389 1354 λαλεῖν
410 1286 601 1371 μαθόντων,
626 1283 711 1353 lilla
734 1279 765 1352 δ’
792 1286 870 1374 ἐ’ργα
892 1288 1122 1374 aetolorum)

207 1389 287 1455 dab.
312 1393 351 1453 34
375 1387 529 1472 (παιδίον
549 1386 668 1454 ἐσθίον
692 1387 878 1475 σπλάγχνα)
901 1399 972 1458 orta
994 1399 1043 1459 est
1065 1411 1106 1458 ex
1128 1394 1276 1478 populari

121 1493 180 1558 illa
195 1492 285 1559 cuius
302 1491 494 1557 mentionem
516 1492 593 1558 facit
607 1491 798 1557 Plutarchus
820 1491 981 1577 περὶτοῦ
1003 1491 1048 1579 μὴ
1073 1491 1142 1558 δεῖν
1165 1493 1275 1560 δανεί-

123 1593 245 1673 ζεσθαι
265 1593 356 1659 VIII:
378 1593 435 1656 καὶ
456 1589 515 1657 τὸν
536 1594 603 1656 τῶν
617 1594 733 1676 γοντιῦν
749 1589 846 1676 λόγον
862 1586 1020 1658 ῦῖκοοσον·
1044 1591 1201 1675 ἐμοῦντος
1215 1598 1275 1660 τοῦ

122 1693 235 1782 ἑτέρον
261 1695 318 1758 καὶ
347 1693 499 1778 λέγοντος
527 1690 570 1770 τὰ
600 1690 772 1777 σπλάγχνα
801 1691 986 1776 ἐκβάλλειν,
1018 1693 1129 1780 ἕτερος
1156 1693 1275 1781 ντοιριῦν

118 1793 188 1861 ‘zai
210 1801 245 1860 τί
265 1788 402 1876 decadas
430 1790 523 1860 siresa
542 1787 594 1859 ‘oh
610 1792 672 1881 γὰρ
687 1791 730 1858 τὰ
746 1797 888 1859 σεαυτοῦ
904 1794 1077 1880 σπλάγχνα
1093 1792 1273 1879 ἐκβάλλεις,

122 1891 208 1962 ἄλλα
230 1899 290 1961 τοῦ
313 1899 442 1981 νεκροῦ,
465 1894 504 1960 ὃν
527 1890 603 1982 ἕν’ρτι
626 1889 898 1982 ἐσπαράττομεν.’
944 1898 1006 1964 Pro
1029 1898 1190 1980 uulturiis,
1220 1898 1274 1980 qui

119 2018 284 2082 nunquam
306 1998 339 2063 in
360 2017 509 2064 scaenam
531 1997 690 2084 prodeunt
718 1997 803 2082 apud
826 1998 977 2064 Babrium
1008 2003 1092 2081 (cum
1118 1999 1275 2084 prodeant

121 2100 210 2186 apud
232 2098 369 2166 Phaedr.
383 2101 409 2181 Ι,
425 2103 463 2162 27
488 2099 520 2164 in
543 2105 730 2186 argumento
754 2097 875 2183 simili),
901 2104 1003 2166 mater
1024 2137 1066 2145 —
1088 2121 1129 2167 ne
1150 2121 1275 2185 pauper

122 2201 262 2284 quidem,
286 2201 414 2282 qualem
436 2201 550 2267 melius
573 2201 705 2267 exhibet
724 2201 757 2268 Ο.
774 2204 836 2264 262
856 2222 887 2285 p.
906 2204 964 2265 391
983 2206 1074 2267 —et
1094 2200 1179 2268 filius
1202 2203 1273 2268 sub·

119 2301 222 2368 stituti
246 2307 334 2367 sunt:
358 2319 420 2382 quo
442 2302 553 2367 fabula
573 2300 772 2384 lepidissima
794 2321 949 2368 conuersa
971 2311 1021 2368 est
1042 2302 1075 2368 in
1096 2304 1272 2370 narratiun-

121 2404 230 2470 culam
253 2401 339 2466 omni
361 2402 428 2466 sale
451 2409 611 2468 carentem
634 2407 666 2467 et
684 2401 850 2466 fastidium
873 2403 1076 2486 creantem.³)

210 2504 249 2567 In
270 2503 381 2566 fabula
403 2507 443 2564 44
472 2501 523 2566 leo
547 2507 613 2566 tres
634 2505 742 2566 tauros
765 2502 885 2566 amicos
907 2501 1050 2566 subdolis
1078 2505 1275 2572 sermonibus

120 2605 271 2672 inimicos
286 2600 392 2668 reddit
406 2602 612 2686 singulosque
626 2601 713 2667 facili
735 2602 863 2684 negotio
886 2601 993 2666 uincit.
1030 2603 1074 2666 At
1095 2607 1273 2672 calumniae

120 2727 186 2774 non
202 2710 276 2771 sunt
290 2704 392 2770 leonis
408 2702 546 2788 Aesopei
558 2702 595 2786 ⁴),
618 2703 676 2768 sed
691 2703 826 2770 ministri
844 2702 912 2769 eius
934 2702 1048 2786 uolpis‚
1072 2703 1110 2768 cf.
1132 2706 1274 2771 fabulam

119 2806 376 2889 antiquissimam
399 2809 450 2870 95.
494 2803 660 2870 Meliorem
683 2823 780 2886 quam
802 2803 938 2869 Babrins
959 2809 1120 2869 auctorem
1148 2811 1275 2872 secutus

121 2917 172 2977 est
187 2905 383 2974 Themistius
399 2907 477 2992 περὶ
501 2895 618 2992 φιλίας
639 2927 670 2990 p.
684 2909 744 2971 337
761 2906 874 2972 Diod:
888 2901 999 2988 ταύρω
1016 2901 1075 2968 δύο
1090 2907 1171 2986 μιᾶς
1186 2901 1274 2991 ἡγεῖ-

121 3016 210 3076 σθον
234 3003 351 3095 ἀγέλης
375 3005 523 3089 ξοννύμω
544 3007 581 3071 τὲ
603 3001 678 3072 ῦντε
699 3009 755 3072 καὶ
777 2999 831 3071 ὅτι
852 3003 999 3089 μάλιστα
1021 3007 1126 3093 φίλω·
1149 3001 1166 3071 ὁ
1191 3007 1275 3072 λέων

121 3112 158 3177 δὲ
182 3103 296 3176 αῦτοῑν
317 3106 376 3196 τὴν
400 3107 557 3186 ξύστασιν
579 3105 700 3174 ἐδεδίει
720 3110 776 3173 κοιλ
799 3102 875 3172 οῦτε
898 3099 1017 3183 αύτούς
1040 3102 1275 3192 coapostolus

122 3205 170 3278 δι’
192 3204 311 3288 αύτούς
332 3207 391 3297 τὴν
415 3201 549 3296 ῦγέλην·
571 3213 678 3286 κακῶς
701 3195 757 3275 οῦν
780 3205 846 3274 tat
870 3210 969 3292 λιμοῦ
992 3207 1197 3291 διακείμενος
1220 3208 1274 3298 ἐ’ρ-

119 3337 215 3395 γετοιι
238 3309 296 3377 ἐντί
316 3307 377 3396 τὴν
398 3307 502 3398 asotia)
529 3311 585 3375 καὶ
614 3309 798 3394 ξυμμαχίαν
826 3305 1043 3396 ὁμολογοῦσι·
1074 3313 1115 3395 τῇ
1144 3309 1180 3376 δὲ
1209 3305 1274 3396 ἄρα

209 3484 234 3546 1)
252 3479 304 3547 Qui
320 3476 395 3531 haud
413 3477 468 3531 scio
487 3491 522 3530 an
539 3476 568 3530 in
585 3475 638 3530 alia
655 3476 761 3532 Graeca
777 3477 888 3534 fabulae
904 3478 991 3534 forma
1007 3478 1078 3533 sicut
1095 3477 1168 3547 apud
1185 3477 1273 3531 Phae-

122 3566 200 3621 drum
217 3569 374 3620 sturnorum
390 3562 420 3615 in
437 3561 498 3616 loeo
515 3560 624 3616 luerint

208 3651 235 3716 2)
251 3646 302 3701 His
319 3644 461 3716 perpensis
478 3660 576 3700 uersus
593 3644 661 3700 istos
676 3648 776 3701 21-24
791 3645 951 3703 Eberhardo
966 3647 1116 3714 suspectos,
1133 3645 1273 3713 inquibus

121 3733 219 3788 uitium
243 3731 383 3786 metricum
406 3730 451 3784 uel
467 3730 671 3798 grammaticum
687 3745 742 3786 non
759 3729 843 3798 inest,
864 3730 958 3785 Babrii
974 3729 1060 3798 ipsius
1078 3744 1137 3784 esse
1154 3729 1201 3783 uix
1224 3745 1273 3784 ne-

121 3818 207 3888 gabis.
241 3816 388 3871 Praeterea
407 3814 504 3868 summi
525 3820 567 3870 est
582 3814 724 3882 momenti,
746 3814 818 3883 quod
836 3814 970 3870 simillima
987 3813 1127 3868 Phaedrus
1144 3813 1227 3869 habet
1244 3813 1273 3868 iu

122 3899 176 3956 fine
194 3894 262 3971 (qui
278 3899 352 3954 aliud
370 3897 464 3953 dicunt
481 3904 509 3953 et
525 3899 599 3954 aliud
620 3895 734 3967 agunta.

208 3989 234 4047 3)
251 3983 363 4039 Nullum
381 3982 453 4052 quod
470 3986 552 4052 poeta
570 3988 678 4038 secutus
690 3980 727 4037 sit
737 3981 859 4038 muenias
872 3981 1022 4036 consilium.
1050 3981 1130 4038 Certe
1140 3982 1169 4038 in
1181 3982 1272 4038 animo

123 4085 179 4126 non
195 4068 292 4124 habuit
309 4082 342 4122 aa
359 4082 428 4138 quae
445 4067 550 4137 profert
565 4067 657 4122 Keller
673 4083 701 4136 p.
712 4070 759 4120 391
771 4069 838 4121 extr.

177 4145 180 4152 ’
210 4158 236 4221 4)
254 4151 336 4208 Aliae
352 4151 467 4208 insidiae
484 4158 549 4208 sunt
566 4151 650 4207 leonis
669 4149 833 4219 aegrotantis
850 4148 973 4204 lab.103.

1012 4253 1064 4306 ll*
