3138 4872
572 421 605 475 de
622 420 716 476 Babrii
734 425 832 478 661616.
1220 423 1280 484 175

130 592 276 662 uersibus
299 612 396 660 unum
413 593 608 660 tribrachum
625 589 691 677 (51,
711 593 762 678 18)
786 614 946 678 unumque
969 595 1132 681 dactylum
1148 595 1211 680 (58,
1229 596 1279 682 4);
1315 555 1320 568 ἡ

132 695 309 778 eademque
338 694 451 762 Licinii
482 696 573 763 Calui
600 695 661 762 fuit
689 715 741 761 616
765 696 894 778 (Catuli.
918 698 1026 766 Muell.
1056 718 1087 782 p.
1112 701 1169 781 84,
1194 701 1225 774 3)
1249 703 1282 764 61

69 839 71 846 ι
133 797 264 882 Vergilii
283 797 441 881 Catalept.
460 797 575 862 11.V11
597 795 650 876 (cf.
674 797 845 864 Ribbeckii
866 800 959 883 proll.
981 820 1012 884 p.
1032 804 1061 864 6.
1088 800 1148 884 11),
1173 799 1226 881 qui
1248 800 1282 864 in

131 899 277 967 uersibus
306 901 373 964 1616
400 901 440 961 26
469 900 590 965 nullum
613 898 741 966 omnino
769 898 886 984 pedem
916 901 1118 985 trisyllabum
1147 900 1282 966 adhibu-

132 1007 221 1069 crunt
232 1001 267 1083 ¹).
312 1000 402 1065 Haec
435 1005 541 1065 autem
573 999 702 1066 uincula
734 1002 956 1069 Alexandrina
992 1003 1102 1068 1611616
1134 1001 1283 1068 uidentur

130 1103 235 1170 medio
257 1101 360 1187 primo
383 1122 415 1185 p.
432 1101 550 1168 01111.
573 1103 712 1186 saeculo,
734 1124 810 1168 nam
831 1104 1000 1172 Petronius
1024 1110 1056 1170 61
1071 1103 1200 1171 Persius
1223 1103 1283 1170 etsi

130 1225 217 1271 61666
240 1202 329 1270 haud
351 1203 634 1287 saepc·solueruut
663 1204 761 1286 (Patr.
783 1207 816 1271 in
840 1206 945 1291 capite
967 1207 995 1272 V
1017 1225 1167 1272 uersuum
1192 1208 1210 1270 8
1233 1224 1280 1272 66-

130 1307 209 1389 mel,
240 1303 369 1372 Persius
390 1303 423 1368 in
445 1304 579 1388 prologo
604 1310 642 1368 14
665 1325 815 1373 uersuum
837 1307 911 1390 bis),
942 1313 1050 1375 tamen
1072 1314 1282 1392 anapaestum

131 1409 220 1490 quasi
244 1407 388 1493 legitima
410 1406 539 1472 licentia
559 1406 653 1490 primi
677 1408 817 1473 omnium
844 1409 877 1474 in
900 1429 1011 1476 uersus
1033 1409 1157 1474 Initium
1180 1407 1281 1474 admi-

132 1517 241 1577 serunt
265 1509 362 1590 (Petr.
386 1514 446 1574 sat.
469 1515 498 1592 5,
515 1511 533 1573 8
556 1509 670 1575 sedeat
683 1515 686 1581 l
701 1508 894 1593 redemptus,
917 1511 1004 1576 Pers.
1020 1511 1100 1594 prol.
1119 1510 1282 1577 5memini

130 1618 180 1695 uo,
205 1616 223 1677 6
250 1610 539 1694 Helieolnidasquc,
564 1614 582 1675 8
605 1609 781 1691 hederaol).
825 1611 930 1692 Atque
952 1611 1127 1678 notandum
1150 1618 1198 1678 est
1220 1612 1281 1678 hoc

130 1712 199 1796 Ipso
221 1721 368 1797 tempore
385 1711 534 1778 Caesium
549 1711 685 1777 Bassum
700 1711 802 1778 Persii
824 1713 976 1796 amicum,
1000 1713 1054 1793 qui
1077 1711 1191 1778 satiras
1214 1713 1281 1779 eius

132 1815 233 1880 edidit
256 1815 523 1900 imperfectaeque
544 1811 731 1897 perpolinit,
761 1813 840 1880 artis
863 1813 1013 1880 metricae
1036 1814 1175 1881 rationes
1198 1832 1280 1879 corn-

130 1917 325 1982 mentatione
355 1915 485 2000 egregia
516 1913 717 1998 exposuisse,
749 1915 838 1982 cuius
866 1916 900 1982 in
929 1915 1067 1982 exilibus
1095 1913 1282 1999 fragmentis

128 2016 274 2099 (gramm.
291 2019 360 2083 Lat.
377 2017 421 2083 VI
435 2038 466 2101 p.
483 2019 542 2079 267
557 2034 627 2098 sqq·
643 2015 698 2098 K.)
723 2015 763 2082 dc
785 2016 856 2101 ipso
871 2017 1093 2102 Hipponacteo
1108 2037 1138 2101 p.
1155 2019 1215 2080 267
1233 2033 1281 2096 sq.

128 2119 207 2185 satis
230 2123 378 2186 accurate
402 2118 515 2202 agitur.
561 2116 626 2183 Sed
648 2116 691 2183 ad
713 2137 870 2184 summam
898 2118 1081 2185 libertatem
1109 2136 1281 2183 summum-

131 2239 191 2301 que
213 2220 324 2286 florem
347 2220 547 2286 eholiambus
577 2225 707 2285 euectus
735 2227 784 2288 661
807 2225 942 2287 excunte
968 2220 1024 2285 illo
1047 2221 1176 2286 saeculo
1200 2219 1281 2284 Mar-

130 2322 215 2388 tialis
238 2321 454 2406 potissimum,
484 2328 520 2385 ut
542 2319 687 2403 uidetur,
717 2341 815 2403 opera
843 2328 876 2386 et
896 2321 1042 2406 ingenio,
1076 2321 1281 2402 61161616-

128 2424 251 2508 paestis
276 2420 421 2504 plurimis
445 2420 478 2484 in
503 2420 638 2502 primum
663 2421 778 2503 pedem
804 2423 939 2504 receptIs
965 2422 1010 2505 (1,
1037 2427 1091 2506 10,
1118 2427 1146 2488 2.
1174 2425 1228 2503 66,
1253 2424 1281 2487 2.

128 2529 181 2606 77,
202 2527 232 2588 3.
249 2526 299 2605 96,
316 2525 345 2586 7.
372 2525 441 2603 113,
458 2525 518 2585 23
537 2520 611 2602 616.)
635 2526 667 2584 61
690 2520 814 2585 arsibus
836 2523 947 2586 solutis
970 2522 1003 2586 in
1026 2543 1135 2590 omnes
1157 2530 1283 2608 praeter
1402 2521 1404 2526 ’

132 2624 277 2706 quintum
306 2626 338 2685 et
365 2629 491 2688 sextum
520 2622 638 2704 ubique
668 2621 817 2686 admissis
848 2619 894 2702 (in
920 2622 1013 2704 primi
1037 2623 1112 2690 libri
1134 2644 1191 2690 6611
1214 2645 1280 2692 661-

130 2725 270 2790 minibus
302 2723 521 2789 oholiambicis
554 2743 701 2788 uersuum
736 2721 792 2788 uix
826 2727 865 2786 50
895 2722 1041 2805 dactylos
1069 2723 1212 2790 inuenies
1244 2731 1279 2789 11

133 2826 310 2892 tribrachos
327 2823 360 2909 8)
382 2826 482 2892 multo
505 2825 670 2892 laetiorem
693 2823 883 2890 uiuidiorem
900 2823 1088 2889 alacriorem
1111 2825 1281 2891 eumfacit.

131 2928 384 3013 Hipponactcum
408 2933 514 2993 autem
537 2927 584 2991 116
605 2931 762 2992 mutatum
791 2924 869 2990 satis
899 2925 1086 3010 popularem
1108 2925 1283 3010 posteriore

134 3048 258 3111 quoque
280 3033 423 3112 tempore
446 3027 533 3112 apud
559 3029 719 3095 Romanos
742 3026 897 3093 mansisse
919 3025 1044 3112 lapides
1066 3026 1210 3093 nonnulli
1237 3033 1282 3092 te-

133 3136 255 3196 stantur
276 3150 297 3195 a
318 3129 516 3197 Buechelero
538 3130 618 3196 Mus.
641 3129 742 3196 Rhen.
764 3129 890 3194 XXVII
911 3149 942 3213 p.
963 3133 1022 3193 142
1039 3149 1085 3211 sq.
1102 3136 1134 3196 61
1154 3130 1282 3196 XXXII

132 3251 161 3314 p.
184 3235 246 3298 479
262 3249 310 3313 sq.
334 3231 482 3296 enarrati.
526 3231 564 3295 In
594 3231 733 3297 carmine
766 3231 851 3296 enim
881 3229 950 3296 clv
980 3240 1103 3316 septem
1132 3251 1282 3298 16161116

134 3332 288 3399 Hadriani
303 3338 410 3398 aetate
426 3338 575 3399 contexto
593 3332 643 3398 bis
658 3339 851 3416 anapaestus
866 3331 899 3397 in
914 3331 1017 3416 primo
1033 3333 1118 3418 pede
1134 3334 1177 3414 (u.
1199 3339 1223 3398 1.
1237 3330 1282 3416 3),

134 3435 232 3499 semel
254 3435 308 3500 uel
331 3435 381 3499 bis
403 3433 484 3500 61616
505 3434 610 3500 661116
627 3432 670 3516 (u.
688 3433 722 3518 7)
744 3432 912 3516 inuenitur,
934 3434 967 3497 in
989 3433 1196 3518 inscriptione
1218 3433 1282 3499 An-

134 3536 241 3602 tonino
265 3535 322 3601 Pio
345 3536 522 3619 imperante
545 3539 698 3620 concepta
727 3535 759 3600 in
787 3535 888 3600 tribus
916 3533 1062 3601 uersibus
1085 3535 1183 3602 semel
1207 3554 1281 3600 ana-

134 3643 262 3719 paestus
287 3640 318 3700 et
339 3638 476 3703 16116666
499 3638 599 3704 semel
620 3637 702 3704 arsis
724 3633 888 3720 soluta(u.
906 3639 973 3703 261
991 3636 1120 3719 661111.)
1144 3636 1176 3702 in
1193 3642 1281 3718 quat-

135 3818 181 3874 166
198 3820 390 3888 inueniturquc
407 3819 436 3873 in
453 3820 513 3874 loco
533 3819 672 3890 ceteroqui
689 3835 787 3890 parum
804 3835 947 3874 numeroso
969 3833 1056 3887 neque
1075 3819 1110 3873 ab
1124 3824 1281 3889 argumento

134 3902 194 3958 huic
217 3904 309 3973 poesis
332 3903 423 3972 generi
447 3905 515 3959 66116
537 3905 606 3959 benc
622 3903 808 3960 conueniente.
844 3903 933 3970 Quare
951 3902 1036 3958 611616
1054 3905 1114 3958 1666
1132 3903 1283 3960 Buecheler

134 3984 164 4039 11.
186 3993 245 4054 164,
270 3989 355 4044 611616
378 3990 406 4044 61
423 3988 574 4044 Buecheler
596 3988 629 4043 11.
648 3992 698 4043 123
717 3993 744 4043 61
761 3986 869 4042 Riesins
886 4005 912 4056 p.
932 3990 981 4040 224
1000 3988 1148 4043 orationem
1166 3989 1283 4045 solutam

134 4073 314 4128 restituerunt.

220 4161 243 4224 1)
261 4156 394 4226 Quattuor
412 4157 538 4227 anonymi
556 4156 723 4212 choliambcs
742 4154 839 4210 Catull.
848 4155 939 4214 Mucll.
949 4171 976 4225 p.
987 4157 1020 4210 94
1038 4171 1092 4211 161
1111 4173 1184 4213 euro.

1025 4258 1078 4311 12*
