3118 4870
666 401 838 458 Hermannus
857 401 981 458 Gaumitz

295 795 323 862 b)
341 792 419 862 duod
436 791 504 847 dixit
520 792 641 847 Triarius
658 793 717 848 uita
734 792 807 847 illam
825 793 964 848 mulierem
982 807 1038 848 ma-

337 862 421 917 luisse
438 860 551 929 spoliari
569 875 650 930 quam
667 860 797 930 pudicitia
812 865 957 930 propterca
972 876 1038 928 quo·

337 944 389 998 quc
405 928 562 984 incredibile
580 933 630 994 est,
648 927 720 996 quod
737 929 784 983 illa
796 943 857 983 cum
870 929 1040 984 deformitate

338 1012 440 1052 summa
458 996 512 1051 fuit
528 997 586 1051 tum
603 996 686 1050 etiarn
702 999 848 1062 senectute,
866 1001 898 1052 ut
915 997 990 1051 nulla
1007 995 1038 1050 li·

1082 640 1172 705 iragm.
1227 658 1293 693 uers.
1312 641 1374 693 edit.

1078 726 1133 778 siue
1149 725 1175 792 ἦ.
1199 730 1297 778 exstant
1307 726 1401 778 desunt

336 1065 435 1120 bidinis
453 1063 571 1132 suspicio
590 1079 649 1118 esse
668 1064 755 1133 possit
769 1105 1038 1119 .......
1118 1102 1124 1116 .

289 1137 321 1200 c)
340 1134 441 1188 Contra
461 1132 531 1186 duae
548 1130 661 1186 fuerunt
680 1132 709 1186 in
727 1130 903 1187 Sardinia'de
920 1131 1039 1187 mulieris

338 1205 425 1255 morte
443 1199 582 1268 opiniones
599 1199 645 1266 (cf.
656 1216 682 1268 p⁴
693 1204 753 1266 274)
770 1239 1038 1256 .......

351 1269 373 1322 Ι.
397 1269 484 1350 altera
500 1267 593 1320 Arinis
614 1282 725 1322 uxorem
741 1267 874 1336 pelicatus
897 1267 989 1322 dolore
1010 1283 1040 1323 se

424 1407 491 1466 tera,
505 1417 573 1470 quse
588 1408 629 1458 ost
640 1403 725 1472 magis
739 1402 848 1468 credita,
858 1403 969 1458 Arinem
980 1417 1040 1458 eam

395 1486 444 1540 per
461 1470 616 1525 libertinum
632 1470 782 1526 necandam
802 1486 912 1526 curasse
945 1512 951 1525 .
989 1512 995 1526 .
1032 1511 1038 1526 .

293 1605 392 1686 Paucis
410 1605 444 1660 de
458 1606 580 1661 Bostaris
599 1612 626 1661 et
637 1605 728 1662 Arinis
743 1607 869 1675 turpibus
880 1605 988 1662 familiis
1000 1607 1040 1662 ita

294 1673 426 1796 ran
439 1715 474 1796 s
492 1714 604 1796 tint
621 1714 741 1796 torota
756 1714 916 1810 ratiost
932 1715 1038 1810 opta:

293 1814 391 1878 turque
402 1809 450 1864 illa
463 1825 528 1864 uera
538 1809 677 1864 iudicandi
687 1811 739 1877 lex,
755 1825 788 1864 ex
801 1825 854 1879 qua
866 1810 1038 1878 argumentis,

293 1893 348 1932 non
365 1877 480 1932 testibus
498 1879 540 1931 cst
558 1877 720 1932 credendum
769 1918 1037 1934 .......

293 1945 392 2000 bausit
409 1945 445 1998 ad
461 1945 649 2014 probationem
683 1985 1037 2001 .........

429 2079 477 2133 ῙΠ.
499 2078 682 2133 PROBATIO
705 2081 836 2146 (ll-to).

294 2179 432 2233 Nonnulla
452 2179 485 2232 de
507 2178 616 2233 testium
636 2178 807 2236 multitudine
824 2179 1038 2250 indignitateque

294 2261 363 2316 quae
379 2246 460 2300 fidem
477 2247 556 2300 tollat
572 2247 784 2316 praemittuntur
812 2287 1036 2304 ......

293 2314 443 2384 propositio
461 2315 573 2383 ponitur
579 2317 599 2381 ⁷)
635 2355 1035 2372 ..........

240 2399 274 2452 A.
292 2398 331 2454 de
354 2413 480 2466 genere
503 2400 746 2456 accusationis
763 2402 799 2468 (ξ.
818 2404 943 2467 23-37);

292 2554 555 2674 ὒΙῗΠὲῗῃέοΠέιιεαῖοῐθ
571 2620 639 2674 nibil
656 2635 731 2675 more
748 2625 905 2689 susceptum
923 2626 972 2688 est,

342 2692 369 2752 a)
387 2687 543 2756 inquisitum
561 2687 632 2741 enim
649 2703 703 2742 non
722 2687 754 2742 iit
767 2729 1035 2744 .......

343 2755 371 2820 b)
389 2757 506 2825 priorem
518 2756 651 2810 actionem
662 2759 747 2810 totam
761 2756 871 2810 sustulit
881 2756 926 2822 (ci.
936 2773 964 2826 p.
975 2759 1036 2822 stt)

385 2838 440 2876 uno
458 2827 564 2877 tantum
580 2826 651 2878 teste
667 2825 799 2892 producto
853 2865 1035 2880 .....

291 2890 326 2944 ll.
345 2889 441 2944 Scauri
458 2891 588 2945 iudicium
609 2907 665 2946 non
681 2891 782 2958 iudicii,
800 2891 848 2946 sed
867 2892 1036 2948 comitiorum

344 2958 527 3013 consularium
545 2974 627 3014 causa
646 2965 832 3028 comparatum
849 2964 891 3014 est
940 3000 947 3014 .
984 3001 990 3014 .
1028 3001 1034 3015 .

342 3026 372 3080 id
396 3027 467 3094 quod
491 3043 553 3081 cum
571 3027 670 3080 Triarii
693 3027 866 3082 festinatione
888 3031 945 3081 tum
962 3028 1034 3108 App.

343 3093 450 3148 Claudii
474 3100 539 3158 (cos.
561 3098 665 3164 idolol)
688 3095 717 3149 in
740 3095 873 3150 Scaurum
896 3095 1036 3150 inimicitia

343 3165 575 3296 &boazatilrlrimicitia
592 3245 639 3286 reo
659 3203 821 3299 turpitudini
836 3203 968 3286 essenon
984 3205 1034 3300 'po-¹

343 3301 514 3434 {suggestion
531 3339 689 3434 n'atura'fit',
715 3339 747 3420 ut
766 3339 924 3436 prouinciae
940 3339 1034 3422 daces-⁸

385 3449 431 3512 sor
450 3433 530 3502 (App.
541 3433 681 3501 Claudius)
694 3435 844 3488 successori
856 3435 979 3499 (Scauro)
992 3435 1032 3488 in-

344 3572 367 3621 2.
384 3502 684 3637 Sidonius·
703 3543 732 3623 οἱ
758 3543 902 3624 otono
922 3543 1035 3624 feton

387 3637 482 3692 Scauri
501 3637 704 3706 competitorem
722 3637 873 3703 adiuuaret,
892 3639 1034 3692 eundema

337 1401 364 1455 Π
395 1350 483 1457 rap—{sam
500 1335 668 1390 interemisse
682 1375 1038 1391 .........
1117 1372 1123 1386 .

386 3705 530 3760 consulatu
541 3721 680 3760 remouere
690 3721 745 3760 non
753 3705 844 3774 potuit
852 3721 907 3760 non
917 3706 1034 3760 studere.
1070 3709 1172 3760 33-34

385 3772 446 3828 Etsi
463 3773 518 3827 iam
529 3789 585 3828 non
596 3775 664 3842 petit
677 3773 706 3828 0.
718 3773 855 3838 Claudius,
873 3777 965 3827 tamen
977 3775 1033 3843 Ap-

385 3840 446 3962 gius
470 3857 547 3895 suam
564 3841 593 3894 in
611 3842 742 3896 Scaurum
760 3841 924 3896 simultatem
941 3844 1034 3896 statim

404 3923 418 3962 e
439 3924 520 3964 onere
536 3925 592 3964 non
609 3915 700 3978 potest
721 3949 1032 3965 ........

290 3975 329 4030 Et
355 3975 405 4030 Sar
463 3993 511 4046 spe
533 3978 714 4046 praemiorum
738 3977 852 4032 adducti
873 3977 978 4031 consuli
1005 3992 1034 4032 se

290 4043 471 4110 gratissimum
490 4060 549 4100 esse
566 4044 688 4100 facturos
700 4050 805 4114 putant,
825 4045 888 4100 siin
901 4044 1034 4100 Scaurum

290 4111 473 4166 testimonium
491 4113 608 4167 dixerint
634 4153 1032 4170 ..........
