3138 4872
291 418 353 480 162
770 411 834 468 Otto
854 412 964 468 Ornsius

289 596 440 660 accentus
461 608 482 652 a
505 586 622 654 Babrio
644 584 843 652 abiudicatos
855 584 895 669 ¹),
917 583 1149 652 abiudieandos
1170 604 1234 651 non
1259 603 1330 652 esse
1351 583 1440 668 dicit,

288 713 363 760 cum
385 689 527 773 regulam
549 687 640 754 illam
661 685 798 752 Babrius
820 705 883 752 non
905 686 1095 753 obseruasse
1114 685 1277 771 uideatur;
1300 685 1441 768 denique

291 800 325 862 nt
351 794 464 878 plenus
485 790 542 856 fiat
563 809 661 874 gyrus
683 791 715 856 et
736 787 769 852 in
792 807 827 854 se
848 787 955 872 ipsum
976 791 1132 872 recurrat,
1156 782 1295 854 ‘utemur
1316 779 1436 871 potius'

291 896 396 979 inquit
414 889 478 960 ‘his
499 892 668 958 uersibus.
686 941 692 956 .
709 941 716 956 .
732 888 774 955 ad
793 888 1063 973 comprobandum
1078 888 1229 956 Babrinm
1244 909 1304 955 nec
1318 888 1441 954 uitasse

291 1001 440 1065 accentus
466 995 500 1060 in
528 992 592 1059 fine
619 1011 768 1058 uersuum
798 988 943 1077 (Δελφοί
972 997 1004 1058 et
1032 989 1190 1078 κρημνοῦ)
1225 1011 1284 1057 nec
1313 1009 1442 1075 semper
1491 1047 1495 1056 ,

291 1099 437 1165 ultimam
458 1096 491 1162 in
513 1093 695 1161 choliambo
717 1091 877 1178 syllabam
899 1091 1088 1176 produxisse
1108 1090 1294 1176 (Αἴσωπος
1317 1097 1348 1158 et
1371 1088 1441 1156 ἐδέ-

294 1191 419 1282 ξαντο)’
445 1195 603 1277 -quasi
632 1195 660 1260 si
687 1198 817 1279 propter
846 1194 994 1262 metricas
1020 1195 1095 1260 illas
1117 1195 1256 1261 rationes
1279 1213 1300 1258 a
1321 1193 1440 1260 Babrio

293 1296 500 1367 abiudieandi
526 1316 591 1362 nou
616 1295 693 1376 sint,
724 1294 754 1360 ei
776 1301 811 1360 ut
832 1295 1010 1362 tribuantur
1031 1315 1162 1364 necesse
1185 1295 1240 1362 sit!
1282 1293 1347 1362 Sed
1376 1314 1441 1378 quo

293 1400 421 1467 omnino
449 1399 520 1465 loco
547 1403 676 1482 poetam
698 1397 749 1464 his
771 1397 917 1464 uersibus
939 1418 1031 1464 urum
1053 1417 1123 1464 esse
1147 1395 1258 1464 dibes‘?
1300 1397 1385 1464 Num·
1407 1397 1442 1462 in

284 1502 355 1568 ‘fine
377 1501 506 1568 fabulae
522 1498 718 1586 alicuius²)?
750 1499 794 1566 At
815 1500 920 1566 simile
943 1499 1020 1582 quid
1041 1521 1082 1568 ne
1103 1501 1137 1566 in
1158 1519 1222 1566 una
1245 1499 1376 1581 quidem
1399 1519 1442 1565 ex

293 1603 439 1671 ducentis
462 1621 544 1685 quae
566 1608 713 1668 seruatae
735 1605 809 1667 sunt
829 1601 1004 1685 inuenitur,
1027 1620 1131 1683 neque
1155 1601 1264 1667 hercle
1286 1606 1362 1684 apte
1383 1619 1439 1684 po-

291 1710 427 1789 neretur,
443 1725 514 1771 oum
531 1723 641 1772 omnes
656 1703 784 1769 omnino
798 1702 926 1769 fabulas
941 1702 983 1768 ad
996 1703 1160 1786 Aesopum
1171 1697 1311 1768 Babrius'
1323 1702 1441 1769 referat

291 1827 432 1892 prooem.
447 1807 472 1888 I,
492 1811 530 1870 14
543 1823 613 1888 sqq.
650 1804 720 1870 Nec
734 1802 932 1886 probabilius
954 1805 987 1870 in
1008 1806 1172 1890 prooemio
1195 1804 1303 1888 aliquo
1318 1811 1439 1870 'uersus

291 1908 365 1974 illos
387 1907 560 1972 collocatos
582 1904 681 1972 fuisse
703 1903 856 1970 conicies:
881 1905 1004 1971 nullum
1026 1906 1111 1974 enim
1134 1901 1241 1973 exstat
1261 1905 1439 1989 prooemio-

291 2028 361 2072 rum
389 2011 515 2091 praeter
543 2003 606 2073 duo
629 2003 748 2072 codicis
769 2005 799 2070 A
820 2004 991 2087 uestigium
1003 2003 1040 2091 ³),
1073 2025 1178 2090 neque
1200 2027 1271 2072 curn
1294 2005 1335 2072 ad
1359 2007 1440 2073 duas

293 2126 373 2188 quas
395 2110 492 2190 poeta
513 2105 619 2172 emisit
641 2105 844 2174 collectiones
866 2107 1034 2176 referenda
1057 2107 1116 2174 illa
1137 2107 1316 2189 uideantur,
1339 2108 1440 2175 ullum

291 2226 431 2289 unquam
453 2207 542 2274 aliud
565 2206 725 2274 exstitisse
745 2208 813 2274 ueri
829 2215 878 2275 est
892 2208 1005 2276 simile.
1042 2211 1214 2277 Praeterea
1228 2211 1440 2294 fragmentum

291 2309 372 2375 illud
395 2309 448 2375 uel
469 2329 527 2394 per
548 2328 584 2376 se
605 2329 668 2374 non
690 2314 765 2393 apte
787 2309 923 2376 adicitur
940 2308 1042 2396 μύθῳ
1057 2312 1109 2378 uel
1124 2309 1245 2394 μύθων
1266 2311 1439 2394 prooemIo,

291 2430 366 2478 nam
389 2403 512 2496 ᾄδοντα
533 2411 645 2492 μῦθον
672 2409 758 2476 idem
786 2411 853 2478 fere
875 2417 960 2479 essct
982 2411 1066 2494 quod
1089 2415 1195 2478 ταῦτα
1218 2407 1325 2478 siuas:
1358 2413 1440 2480 refe-

291 2511 426 2578 rendum
448 2511 554 2597 potius
576 2511 703 2578 uidetur
725 2512 768 2578 ad
791 2513 1030 2599 apophthegma
1051 2515 1160 2581 neseio
1189 2514 1274 2596 quod
1301 2534 1321 2580 a
1341 2520 1439 2598 poeta

293 2613 509 2680 Alexandrino
519 2612 545 2698 4)
566 2615 599 2680 in
615 2613 755 2681 carmine
770 2614 879 2696 aliquo
894 2614 1106 2683 choliambicc
1123 2616 1312 2701 expositum.
1348 2617 1436 2683 (lete-

379 2800 403 2863 1)
421 2797 530 2866 Duplex
548 2800 590 2851 est
604 2812 679 2852 error
690 2797 799 2862 Ncberi,
818 2801 846 2852 et
863 2797 935 2864 quod
944 2812 1053 2854 uersum
1062 2805 1188 2868 quartum
1199 2814 1217 2853 a
1228 2799 1313 2854 Suida
1325 2800 1438 2870 pessime
1472 2815 1476 2824 ·

291 2883 420 2938 traditum
437 2882 467 2936 in
486 2881 624 2950 Apollonii
642 2883 728 2937 lexico
751 2881 804 2949 legi
830 2881 896 2935 (licit
922 2887 949 2936 ct
976 2884 1048 2952 quod
1071 2877 1304 2939 Schneidewinum
1330 2889 1439 2954 propter

291 2970 421 3021 accentus
444 2966 623 3034 fragmentum
647 2980 664 3019 a
691 2965 791 3020 Bebrio
815 2965 986 3026 abiudicasse
1011 2968 1152 3036 opinatur:
1180 2969 1247 3023 nibil
1273 2984 1345 3024 anno
1374 2973 1437 3023 1845

292 3051 320 3116 (l.
331 3066 353 3104 s.
364 3067 385 3106 s.
395 3067 422 3119 p.
433 3055 457 3115 t)
476 3049 641 3104 Schneider.
659 3048 693 3104 de
710 3050 767 3118 lege
783 3049 831 3104 illa
851 3051 962 3106 sciebat.

378 3139 403 3198 2)
421 3134 602 3202 Depromptos
621 3149 666 3189 eos
683 3148 745 3188 esse
762 3131 806 3188 ‘ex
824 3135 930 3204 epilogo
948 3136 1057 3191 fabulae
1077 3136 1110 3191 (le
1128 3137 1218 3204 aquila
1236 3140 1265 3192 et
1282 3133 1436 3194 scarabaeo’

293 3217 336 3285 (Η.
348 3221 373 3284 7)
389 3217 555 3288 Tyrrhittus
570 3219 724 3286 suspicatur
736 3219 799 3275 Aes.
808 3219 873 3274 Fur.
884 3236 910 3289 p.
921 3219 1031 3274 CXCIX
1043 3221 1142 3277 collato
1154 3221 1258 3279 scholio
1270 3221 1353 3277 Arist.
1363 3238 1437 3291 uesp.

297 3307 375 3369 1437,
398 3303 426 3356 iu
449 3317 501 3370 quo
520 3305 645 3371 Aesopus
667 3302 826 3372 priusquam
850 3304 883 3359 de
901 3319 967 3360 saxo
985 3305 1213 3374 praecipitaretur
1228 3305 1350 3362 fabulam
1366 3307 1439 3361 illam

291 3400 417 3442 narrasse
435 3386 542 3440 dicitur.
578 3388 616 3439 At
633 3401 666 3441 ea
684 3387 745 3457 ipsa
769 3387 792 3442 si
815 3390 1001 3458 praecederet,
1023 3391 1092 3444 mira
1117 3393 1208 3444 essent
1225 3387 1329 3456 ᾅδοντα
1345 3392 1438 3460 μῦθον

291 3475 335 3536 (=
350 3473 448 3535 ταῦτα)
468 3474 495 3525 et
511 3471 589 3526 nimis
606 3473 712 3526 incerta
729 3474 816 3526 ταῦτα
833 3467 859 3526 δ’
879 3475 1028 3530 Αἴσωπος.
1039 3515 1045 3530 .
1056 3515 1061 3528 .
1072 3475 1161 3542 εἶπεν,
1183 3470 1273 3528 ὅντιν’
1293 3476 1320 3528 οἱ
1340 3475 1440 3547 Δελφοί

291 3553 471 3617 ...ἐδέξαντο
494 3556 590 3623 uerba;
615 3572 667 3624 quo
690 3557 796 3612 accedit
819 3559 891 3628 quod
913 3559 1022 3615 fabulae
1045 3558 1119 3614 illins
1139 3574 1157 3614 a
1179 3559 1279 3616 Bebrio
1305 3563 1438 3616 tractatae

291 3657 342 3696 nec
359 3641 423 3695 nole
440 3643 530 3694 exstat
547 3655 597 3694 nec
614 3641 764 3710 uestigium.
1418 3655 1421 3662 ’

377 3729 402 3785 3)
420 3723 490 3778 Nam
507 3725 620 3780 alterius
638 3726 751 3796 sylloges
764 3757 796 3766 -
809 3729 843 3782 de
860 3742 914 3795 qua
930 3727 1002 3781 idem
1019 3727 1106 3782 sentio
1124 3733 1207 3797 atque
1223 3727 1341 3782 Gobctus
1355 3728 1438 3782 Eber-

291 3808 393 3862 hardus
402 3809 626 3864 Wachsmutbius
641 3809 694 3865 Rh.
706 3811 743 3865 M.
754 3810 847 3864 XXIII
861 3827 888 3879 p.
900 3801 949 3866 315
958 3842 992 3850 -
1001 3811 1166 3880 prooemium
1183 3813 1259 3881 ipsos
1275 3811 1336 3867 illos
1355 3810 1438 3866 uersi·

293 3892 369 3946 culos
388 3894 528 3948 continens
546 3895 590 3949 uel
602 3895 735 3964 Bergkius
752 3895 855 3950 anthol.
868 3912 895 3964 p.
905 3895 1038 3953 XXXVII
1052 3897 1168 3952 maxime
1181 3895 1344 3961 dubitationi
1355 3897 1439 3951 obno·
1556 3907 1557 3926 ¹

291 3975 365 4030 xinm
384 3991 443 4032 esse
462 3979 586 4032 concedit
600 3995 687 4060 neque
699 3997 727 4048 p.
737 3979 802 4032 XLI
813 3995 882 4049 quae
894 3981 995 4036 conicit
1006 3981 1089 4036 ullam
1101 3982 1203 4037 babent
1213 3981 1438 4050 probabilitatem.

378 4065 404 4126 4)
422 4061 621 4118 Alexandrinus
640 4063 747 4118 uidetur
765 4079 825 4118 cnm
843 4067 955 4134 propter
972 4066 1094 4134 qulntum
1113 4065 1208 4134 pedem
1226 4080 1332 4135 semper
1342 4080 1440 4135 purum

225 4200 236 4220 ἱ
291 4149 319 4198 et
341 4143 414 4198 arsIn
437 4159 573 4214 nunquam
595 4148 723 4214 solutam,
746 4150 803 4202 tum
827 4151 938 4218 propter
959 4155 1146 4218 argumentum
1170 4152 1243 4220 quod
1260 4150 1361 4220 optime
1379 4165 1440 4206 cum
