3138 4872
278 362 339 423 172
756 363 820 418 Otto
838 361 948 418 drusius

278 534 355 617 quin
383 555 403 600 a
431 536 695 602 Romanorum
724 533 950 618 disciplina
979 533 1151 600 metrica
1181 531 1425 618 deprompta

278 637 319 702 sit
340 635 396 701 uix
417 641 523 721 potest
545 635 692 702 dubitari.

361 737 437 803 Alia
466 744 574 804 autem
602 739 708 804 insunt
729 737 762 803 in
784 738 930 804 uersibus
952 737 1079 822 Babrii,
1109 756 1192 821 quae
1215 737 1423 804 etiamsinon

276 837 408 923 perinde
436 845 533 922 atque
563 859 645 921 quae
679 838 773 906 modo
807 837 942 904 tractani
976 838 1017 904 ab
1034 836 1201 904 'uniuersa
1231 839 1424 907 Graecorum

276 940 368 1024 poesi
389 947 463 1007 sunt
484 940 605 1018 aliena,
628 945 737 1006 tamen
759 961 780 1006 a
802 939 1114 1024 choliambographis
1131 938 1262 1006 Graecis
1284 939 1425 1008 admissa

277 1042 329 1108 uel
353 1043 482 1107 exculta
503 1063 566 1109 non
588 1048 670 1121 sunt,
698 1042 755 1108 sed
778 1062 798 1107 a
820 1041 897 1108 solis
919 1040 1070 1108 Romanis
1092 1040 1330 1108 recentioribus.
1376 1043 1424 1108 Ex

276 1141 419 1226 spondeo
449 1142 577 1224 quidem
606 1144 640 1209 in
669 1144 777 1226 quinto
805 1141 889 1228 pede
918 1142 1017 1208 uitato
1046 1141 1127 1208 nihil
1157 1142 1304 1208 concludi
1329 1163 1423 1227 posse

277 1242 522 1310 Schneidewino
545 1245 700 1312 concedo:
724 1248 762 1311 ci.
778 1265 808 1330 p.
828 1247 887 1308 129
911 1263 992 1326 quae
1014 1242 1184 1327 disputaui.
1222 1243 1288 1310 Sed
1309 1245 1424 1312 summi

278 1345 430 1410 momenti
452 1347 691 1432 trisyllaborum
713 1346 832 1432 pedum
855 1346 1095 1431 -anapaesti,
1119 1344 1281 1428 tribrachi,
1304 1345 1424 1431 dactyli

277 1481 319 1492 -
342 1453 391 1512 est
413 1466 503 1514 usus:
537 1469 599 1532 quo
622 1448 662 1515 de
684 1447 908 1515 Lachmannus
930 1447 1109 1514 Meinelrins
1131 1445 1336 1514 Eberhardus
1358 1454 1424 1514 tam

276 1554 425 1616 accurate
447 1549 678 1634 disseruerunt,
707 1557 742 1617 ut
772 1571 831 1635 ego
859 1570 922 1616 non
950 1553 1016 1614 tam
1043 1567 1116 1614 mea
1144 1567 1227 1614 nunc
1248 1569 1424 1634 proponam

279 1667 374 1731 quam
396 1651 523 1718 illorum
547 1653 788 1719 obseruationes
809 1652 842 1716 in
865 1669 941 1716 usus
964 1669 1052 1717 meos
1075 1655 1266 1716 consertam.

361 1753 430 1818 Iam
453 1753 579 1838 singula
601 1753 777 1820 uideamus.
821 1753 1024 1836 anapaestus
1046 1751 1222 1833 inauditus,
1245 1751 1425 1820 tribrachus

277 1859 309 1920 et
324 1853 472 1940 dactylus
487 1855 565 1922 satis
580 1874 669 1920 rarus
686 1859 734 1920 est
747 1853 833 1938 apud
850 1853 1171 1936 choliambographos
1186 1858 1320 1936 ueteres,
1337 1855 1425 1921 uelut

275 1955 309 2019 in
331 1955 493 2037 octoginta
514 1955 740 2040 Hipponactis,
770 1954 858 2020 cuius
880 1975 932 2021 ars
953 1955 1012 2020 fuit
1033 1953 1212 2036 liberrima,
1238 1954 1425 2038 fragmentis

276 2054 494 2122 choliambiois
516 2075 537 2120 a
557 2055 716 2122 Meinekio
737 2077 768 2141 p.
784 2059 931 2120 92-132
951 2055 1102 2138 collectis,
1125 2075 1207 2136 quae
1232 2057 1305 2140 plus
1328 2076 1426 2139 quam

279 2159 338 2221 150
354 2175 466 2224 uersus
483 2157 653 2240 continent,
675 2163 867 2242 anapaestus
881 2157 996 2240 nullus,
1012 2162 1077 2232 tres
1092 2155 1223 2242 dactyli,
1239 2177 1297 2224 sex
1312 2158 1425 2225 tribra-

277 2255 365 2341 chi1)
389 2257 592 2326 inueniuntur
606 2258 714 2344 (Mein.
738 2281 769 2346 p.
793 2258 858 2343 90),
880 2277 1012 2342 quorum
1028 2258 1172 2342 plerique
1194 2261 1426 2326 necessarii
1546 2335 1548 2364 γ

276 2363 366 2426 crant
387 2365 552 2445 propter
574 2362 735 2428 nomina
756 2360 939 2446 propria,
964 2345 1423 2442 ελλη92ὮΚλα1ζομένιλοι,

240 2538 243 2548 Δ
278 2463 374 2543 13,4
403 2454 554 2548 μνήλματ’
576 2457 717 2546 idacios,
752 2466 791 2526 60
810 2454 1020 2545 Άναλξλβιος,
1051 2465 1090 2526 67
1115 2453 1261 2549 [dicineo]
1280 2453 1422 2548 Ἑφελσίη

277 2559 413 2650 δέλφαξ.
457 2565 563 2632 Etiam
585 2565 772 2646 seueriores,
795 2571 829 2629 ut
852 2569 1097 2631 consentaneum
1121 2571 1184 2645 est,
1214 2564 1425 2630 Alexandrini

274 2663 400 2732 fuorunt
421 2672 550 2750 poetae,
576 2686 651 2734 nam
673 2665 759 2751 apud
781 2664 1012 2730 Callimachum
1034 2665 1248 2750 coryphaeum
1269 2665 1304 2730 in
1326 2665 1424 2732 nemi-

275 2767 335 2832 bus
356 2768 424 2836 fere
446 2767 659 2850 quadraginta
680 2767 730 2832 bis
749 2772 872 2832 tantum
891 2765 1038 2851 dactylus
1062 2764 1105 2850 (3,
1123 2771 1140 2830 3
1158 2774 1190 2834 et
1208 2771 1255 2849 10,
1272 2770 1313 2850 3),
1337 2766 1424 2852 apud

275 2874 398 2935 ceteros
413 2876 549 2954 excepto
564 2870 664 2936 altero
680 2867 879 2953 potissimum
894 2866 1062 2934 Phoenicis
1080 2867 1220 2935 carmine
1230 2867 1264 2951 ²),
1287 2869 1423 2934 nullus

275 2969 402 3036 omnino
424 2989 496 3054 pes
518 2969 767 3054 trisyllabus
789 2968 948 3034 inuenitur
969 2969 1001 3034 in
1024 2969 1168 3034 uersibus
1190 2969 1316 3036 circiter
1338 2969 1422 3054 80³).

363 3109 386 3172 t)
404 3105 513 3173 Septem
531 3107 600 3158 teste
618 3101 755 3156 Meinekio
773 3101 791 3155 l.
810 3117 830 3155 s.
849 3117 887 3166 s,
912 3100 960 3156 sed
977 3100 1009 3170 fr.
1033 3105 1076 3168 13,
1096 3105 1110 3154 2
1132 3099 1205 3169 quod
1222 3101 1332 3170 scripsit
1349 3101 1423 3174 παρὰ

276 3189 279 3256 l
294 3185 343 3240 τὸν
359 3185 519 3256 ἈλυΙάττεω
537 3185 732 3241 Schneidewini
750 3188 792 3240 est
811 3185 966 3241 coniectura
990 3199 1077 3252 neque
1101 3185 1255 3240 necessaria
1280 3191 1307 3241 et
1326 3201 1422 3256 parum

275 3272 424 3342 probabilis
441 3275 553 3342 propter
564 3276 650 3326 artem
663 3270 986 3340 choliambographorum,
1005 3285 1120 3339 quorum
1132 3285 1210 3324 nemo
1223 3275 1286 3325 ante
1296 3270 1423 3325 Babrinm

274 3359 301 3413 in
319 3357 434 3426 pedibus
453 3372 482 3412 se
500 3355 694 3425 excipientibus
713 3369 788 3410 arses
807 3355 898 3410 soluit.
927 3354 1056 3409 (lodicum
1066 3349 1201 3408 Ἀττάλεω
1213 3354 1345 3423 Bergkius
1358 3355 1421 3425 lyrr.

274 3459 302 3512 p.
314 3447 363 3498 'lob
381 3442 441 3496 inre
458 3440 585 3496 restituit.

359 3531 385 3592 2)
404 3525 480 3594 Quod
499 3526 660 3594 singularem
677 3525 760 3580 habet
774 3523 967 3589 condicionem,
986 3523 1020 3578 ci.
1031 3521 1113 3576 Mein.
1123 3539 1149 3591 p.
1160 3527 1193 3577 90
1206 3529 1287 3578 exta:
1306 3519 1423 3578 ‘uidetur

275 3611 396 3666 Phoenix
415 3611 448 3666 de
465 3611 598 3665 industria
615 3609 815 3664 remissioribus
832 3610 861 3662 in
878 3607 924 3663 illo
944 3608 1061 3663 carmine
1079 3608 1197 3663 numeris
1216 3623 1283 3662 usus
1301 3623 1373 3674 esse,
1392 3609 1421 3662 in
1470 3624 1474 3632 ·

275 3711 328 3764 quo
347 3711 429 3762 quum
447 3695 511 3750 Nini
528 3695 700 3765 Assyriorum
718 3694 788 3762 regis
806 3692 931 3747 mollities
948 3692 1083 3758 rideatur,
1106 3707 1161 3746 non
1183 3693 1242 3747 sine
1259 3692 1325 3747 artis
1343 3693 1423 3748 laude

273 3794 400 3834 numeros
419 3783 576 3848 argumento
597 3779 722 3833 carminis
740 3773 952 3845 attemperauit'.
987 3777 1060 3831 idem
1081 3776 1153 3830 ualet
1171 3775 1204 3830 de
1221 3775 1255 3830 fr.
1270 3779 1322 3843 3,3
1341 3775 1423 3844 ἔλαβε

274 3860 397 3918 πελλίδα.
433 3864 519 3919 Simili
538 3862 652 3918 artificio
671 3877 737 3916 usus
750 3861 911 3916 Theocritus
928 3861 957 3914 in
974 3859 1153 3929 Hipponactis
1172 3859 1363 3928 epigrammate
1380 3876 1423 3915 se·

274 3948 390 4017 pulcrali
406 3949 449 4004 bis
468 3947 616 4018 spondeum
634 3947 662 3999 in
680 3947 802 4015 quintum
820 3945 914 4014 pedem
932 3943 1040 4000 admisit
1058 3947 1152 4000 contra
1170 3944 1256 4012 legem
1268 3943 1423 4014 primariam

276 4033 529 4100 Alexandrinorum,
548 4032 582 4087 cf.
593 4048 619 4101 p.
630 4034 677 4084 129
694 4029 755 4088 adu.
769 4036 790 4084 1.

361 4122 387 4187 3)
405 4116 616 4173 Incertissimum
633 4119 676 4171 est
693 4113 1064 4184 quodMein.Herod.t,1p.
1079 4117 1125 4167 149
1144 4111 1251 4182 scripsit
1263 4128 1297 4166 ex
1310 4112 1425 4168 Gesneri
