<?xml version="1.0" encoding="UTF-8"?>
<!DOCTYPE html PUBLIC "-//W3C//DTD XHTML 1.0 Transitional//EN"
    "http://www.w3.org/TR/xhtml1/DTD/xhtml1-transitional.dtd">
<html xmlns="http://www.w3.org/1999/xhtml" xml:lang="en" lang="en">
 <head>
  <title>
</title>
<meta http-equiv="Content-Type" content="text/html;charset=utf-8" />
  <meta name='ocr-system' content='tesseract 3.04.00' />
  <meta name='ocr-capabilities' content='ocr_page ocr_carea ocr_par ocr_line ocrx_word'/>
</head>
<body>
  <div class='ocr_page' id='page_1' title='image "./debabriiaetate01crusgoog_0040.png"; bbox 0 0 3138 4872; ppageno 0'>
   <div class='ocr_carea' id='block_1_1' title="bbox 593 412 1291 473">
    <p class='ocr_par' dir='ltr' id='par_1_1' title="bbox 593 412 1291 473">
     <span class='ocr_line' id='line_1_1' title="bbox 593 412 1291 473; baseline 0.007 -5"><span class='ocrx_word' id='word_1_1' title='bbox 593 412 626 468; x_wconf 91' lang='lat' dir='ltr'>de</span> <span class='ocrx_word' id='word_1_2' title='bbox 644 412 735 468; x_wconf 88' lang='lat' dir='ltr'>Babrii</span> <span class='ocrx_word' id='word_1_3' title='bbox 752 417 850 468; x_wconf 85' lang='lat' dir='ltr'>aetate.</span> <span class='ocrx_word' id='word_1_4' title='bbox 1009 425 1011 432; x_wconf 80' lang='grc'><strong>“</strong></span> <span class='ocrx_word' id='word_1_5' title='bbox 1230 412 1291 473; x_wconf 85' lang='grc'>149</span> 
     </span>
    </p>
   </div>
   <div class='ocr_carea' id='block_1_2' title="bbox 78 581 1295 3304">
    <p class='ocr_par' dir='ltr' id='par_1_2' title="bbox 138 581 1292 1162">
     <span class='ocr_line' id='line_1_2' title="bbox 138 581 1291 671; baseline 0 -19"><span class='ocrx_word' id='word_1_6' title='bbox 138 605 214 652; x_wconf 89' lang='lat' dir='ltr'>nam</span> <span class='ocrx_word' id='word_1_7' title='bbox 236 621 277 632; x_wconf 90' lang='lat'>-</span> <span class='ocrx_word' id='word_1_8' title='bbox 301 589 337 650; x_wconf 90' lang='lat' dir='ltr'>ut</span> <span class='ocrx_word' id='word_1_9' title='bbox 366 583 432 651; x_wconf 89' lang='lat' dir='ltr'>alia</span> <span class='ocrx_word' id='word_1_10' title='bbox 461 584 604 652; x_wconf 87' lang='lat' dir='ltr'>omittam</span> <span class='ocrx_word' id='word_1_11' title='bbox 634 621 674 630; x_wconf 93' lang='lat'>—</span> <span class='ocrx_word' id='word_1_12' title='bbox 704 585 744 651; x_wconf 91' lang='lat' dir='ltr'>de</span> <span class='ocrx_word' id='word_1_13' title='bbox 772 585 913 670; x_wconf 90' lang='lat' dir='ltr'>ipsorum</span> <span class='ocrx_word' id='word_1_14' title='bbox 944 581 1048 671; x_wconf 77' lang='grc' dir='ltr'>δήμου</span> <span class='ocrx_word' id='word_1_15' title='bbox 1077 586 1291 652; x_wconf 88' lang='lat' dir='ltr'>membrorum</span> 
     </span>
     <span class='ocr_line' id='line_1_3' title="bbox 141 680 1289 774; baseline 0 -20"><span class='ocrx_word' id='word_1_16' title='bbox 141 680 358 774; x_wconf 79' lang='grc' dir='ltr'><strong><em>ἆνομοιότητι</em></strong></span> <span class='ocrx_word' id='word_1_17' title='bbox 380 705 484 753; x_wconf 91' lang='lat' dir='ltr'>senno</span> <span class='ocrx_word' id='word_1_18' title='bbox 508 692 571 769; x_wconf 88' lang='lat' dir='ltr'>est,</span> <span class='ocrx_word' id='word_1_19' title='bbox 595 686 842 754; x_wconf 89' lang='lat' dir='ltr'>Lacedaemonii</span> <span class='ocrx_word' id='word_1_20' title='bbox 864 705 939 754; x_wconf 91' lang='lat' dir='ltr'>uero</span> <span class='ocrx_word' id='word_1_21' title='bbox 962 706 1124 768; x_wconf 89' lang='lat' dir='ltr'>uunquam</span> <span class='ocrx_word' id='word_1_22' title='bbox 1147 687 1289 765; x_wconf 87' lang='lat' dir='ltr'>Achaeo-</span> 
     </span>
     <span class='ocr_line' id='line_1_4' title="bbox 139 787 1292 874; baseline -0.002 -16"><span class='ocrx_word' id='word_1_23' title='bbox 139 811 210 858; x_wconf 87' lang='lat' dir='ltr'>rum</span> <span class='ocrx_word' id='word_1_24' title='bbox 238 789 317 855; x_wconf 92' lang='lat' dir='ltr'>socii</span> <span class='ocrx_word' id='word_1_25' title='bbox 344 788 486 871; x_wconf 85' lang='lat' dir='ltr'>suerunt,</span> <span class='ocrx_word' id='word_1_26' title='bbox 521 787 618 856; x_wconf 90' lang='lat' dir='ltr'>immo</span> <span class='ocrx_word' id='word_1_27' title='bbox 647 788 757 854; x_wconf 89' lang='lat' dir='ltr'>hostes</span> <span class='ocrx_word' id='word_1_28' title='bbox 784 807 912 874; x_wconf 91' lang='lat' dir='ltr'>semper</span> <span class='ocrx_word' id='word_1_29' title='bbox 939 789 1115 870; x_wconf 88' lang='lat' dir='ltr'>ultimoque</span> <span class='ocrx_word' id='word_1_30' title='bbox 1149 794 1292 873; x_wconf 90' lang='lat' dir='ltr'>tempore</span> 
     </span>
     <span class='ocr_line' id='line_1_5' title="bbox 140 888 1291 979; baseline 0 -23"><span class='ocrx_word' id='word_1_31' title='bbox 140 888 372 979; x_wconf 79' lang='grc' dir='ltr'><strong><em>ῥωμαῒζνντες.</em></strong></span> <span class='ocrx_word' id='word_1_32' title='bbox 417 888 592 968; x_wconf 85' lang='lat' dir='ltr'>Quominus</span> <span class='ocrx_word' id='word_1_33' title='bbox 614 895 721 955; x_wconf 86' lang='lat' dir='ltr'>aulem</span> <span class='ocrx_word' id='word_1_34' title='bbox 744 889 787 955; x_wconf 90' lang='lat' dir='ltr'>ad</span> <span class='ocrx_word' id='word_1_35' title='bbox 808 890 879 975; x_wconf 91' lang='lat' dir='ltr'>ipsa</span> <span class='ocrx_word' id='word_1_36' title='bbox 902 890 1026 956; x_wconf 91' lang='lat' dir='ltr'>concilii</span> <span class='ocrx_word' id='word_1_37' title='bbox 1041 889 1174 956; x_wconf 90' lang='lat' dir='ltr'>Achaici</span> <span class='ocrx_word' id='word_1_38' title='bbox 1194 911 1291 958; x_wconf 90' lang='lat' dir='ltr'>mem·</span> 
     </span>
     <span class='ocr_line' id='line_1_6' title="bbox 140 990 1292 1076; baseline -0.003 -15"><span class='ocrx_word' id='word_1_39' title='bbox 140 995 199 1061; x_wconf 90' lang='lat' dir='ltr'>bra</span> <span class='ocrx_word' id='word_1_40' title='bbox 220 1011 261 1059; x_wconf 86' lang='lat' dir='ltr'>ea</span> <span class='ocrx_word' id='word_1_41' title='bbox 281 995 472 1074; x_wconf 85' lang='lat' dir='ltr'>referamus,</span> <span class='ocrx_word' id='word_1_42' title='bbox 494 991 686 1076; x_wconf 84' lang='lat' dir='ltr'><strong>impedimur</strong></span> <span class='ocrx_word' id='word_1_43' title='bbox 709 1011 763 1074; x_wconf 93' lang='lat' dir='ltr'>eo,</span> <span class='ocrx_word' id='word_1_44' title='bbox 790 990 877 1075; x_wconf 91' lang='lat' dir='ltr'>quod</span> <span class='ocrx_word' id='word_1_45' title='bbox 898 991 994 1076; x_wconf 91' lang='lat' dir='ltr'>plane</span> <span class='ocrx_word' id='word_1_46' title='bbox 1018 991 1097 1057; x_wconf 90' lang='lat' dir='ltr'><strong>nihil</strong></span> <span class='ocrx_word' id='word_1_47' title='bbox 1120 991 1160 1058; x_wconf 94' lang='lat' dir='ltr'>de</span> <span class='ocrx_word' id='word_1_48' title='bbox 1184 1011 1292 1059; x_wconf 91' lang='lat' dir='ltr'>eorum</span> 
     </span>
     <span class='ocr_line' id='line_1_7' title="bbox 140 1091 670 1162; baseline -0.008 0"><span class='ocrx_word' id='word_1_49' title='bbox 140 1093 303 1162; x_wconf 80' lang='lat' dir='ltr'>discordia</span> <span class='ocrx_word' id='word_1_50' title='bbox 325 1094 417 1161; x_wconf 89' lang='lat' dir='ltr'>nobis</span> <span class='ocrx_word' id='word_1_51' title='bbox 440 1091 590 1158; x_wconf 85' lang='lat' dir='ltr'>traditum</span> <span class='ocrx_word' id='word_1_52' title='bbox 613 1099 670 1158; x_wconf 83' lang='lat' dir='ltr'>est.</span> 
     </span>
    </p>

    <p class='ocr_par' dir='ltr' id='par_1_3' title="bbox 78 1192 1295 3106">
     <span class='ocr_line' id='line_1_8' title="bbox 78 1192 1293 1277; baseline 0 -15"><span class='ocrx_word' id='word_1_53' title='bbox 78 1195 79 1198; x_wconf 70' lang='grc'>’</span> <span class='ocrx_word' id='word_1_54' title='bbox 226 1196 326 1262; x_wconf 86' lang='lat' dir='ltr'>Multo</span> <span class='ocrx_word' id='word_1_55' title='bbox 356 1195 453 1262; x_wconf 87' lang='lat' dir='ltr'>etiam</span> <span class='ocrx_word' id='word_1_56' title='bbox 481 1193 772 1275; x_wconf 83' lang='lat' dir='ltr'>minusquadrant</span> <span class='ocrx_word' id='word_1_57' title='bbox 801 1195 933 1277; x_wconf 87' lang='lat' dir='ltr'>reliqua.</span> <span class='ocrx_word' id='word_1_58' title='bbox 986 1193 1048 1272; x_wconf 77' lang='lat' dir='ltr'>Qui</span> <span class='ocrx_word' id='word_1_59' title='bbox 1076 1199 1148 1261; x_wconf 88' lang='lat' dir='ltr'>suut</span> <span class='ocrx_word' id='word_1_60' title='bbox 1177 1192 1293 1262; x_wconf 74' lang='lat' dir='ltr'>iduor?</span> 
     </span>
     <span class='ocr_line' id='line_1_9' title="bbox 140 1293 1292 1381; baseline -0.002 -15"><span class='ocrx_word' id='word_1_61' title='bbox 140 1298 276 1366; x_wconf 89' lang='lat' dir='ltr'>Romani</span> <span class='ocrx_word' id='word_1_62' title='bbox 297 1301 370 1364; x_wconf 88' lang='lat' dir='ltr'>sant</span> <span class='ocrx_word' id='word_1_63' title='bbox 391 1316 432 1362; x_wconf 91' lang='lat' dir='ltr'>ex</span> <span class='ocrx_word' id='word_1_64' title='bbox 447 1295 569 1362; x_wconf 90' lang='lat' dir='ltr'>Kelleri</span> <span class='ocrx_word' id='word_1_65' title='bbox 584 1297 743 1363; x_wconf 89' lang='lat' dir='ltr'>sententia</span> <span class='ocrx_word' id='word_1_66' title='bbox 757 1293 810 1378; x_wconf 87' lang='lat' dir='ltr'>(of.</span> <span class='ocrx_word' id='word_1_67' title='bbox 826 1317 856 1381; x_wconf 91' lang='lat' dir='ltr'>p.</span> <span class='ocrx_word' id='word_1_68' title='bbox 870 1297 931 1360; x_wconf 87' lang='lat'>389</span> <span class='ocrx_word' id='word_1_69' title='bbox 946 1301 1011 1362; x_wconf 88' lang='lat' dir='ltr'>not.</span> <span class='ocrx_word' id='word_1_70' title='bbox 1031 1294 1114 1378; x_wconf 75' lang='lat'>104),</span> <span class='ocrx_word' id='word_1_71' title='bbox 1138 1296 1192 1377; x_wconf 89' lang='lat' dir='ltr'>qui</span> <span class='ocrx_word' id='word_1_72' title='bbox 1207 1297 1292 1364; x_wconf 90' lang='lat' dir='ltr'>circa</span> 
     </span>
     <span class='ocr_line' id='line_1_10' title="bbox 139 1397 1290 1480; baseline 0.001 -15"><span class='ocrx_word' id='word_1_73' title='bbox 139 1420 258 1466; x_wconf 90' lang='lat' dir='ltr'>annum</span> <span class='ocrx_word' id='word_1_74' title='bbox 277 1403 335 1464; x_wconf 89' lang='grc'>146</span> <span class='ocrx_word' id='word_1_75' title='bbox 350 1397 464 1465; x_wconf 77' lang='lat' dir='ltr'>foedus</span> <span class='ocrx_word' id='word_1_76' title='bbox 477 1397 654 1464; x_wconf 88' lang='lat' dir='ltr'>Achaicum</span> <span class='ocrx_word' id='word_1_77' title='bbox 670 1399 843 1480; x_wconf 88' lang='lat' dir='ltr'>soluerunt,</span> <span class='ocrx_word' id='word_1_78' title='bbox 867 1397 1022 1464; x_wconf 79' lang='lat' dir='ltr'>Graeciae</span> <span class='ocrx_word' id='word_1_79' title='bbox 1041 1398 1221 1466; x_wconf 88' lang='lat' dir='ltr'>libertatem</span> <span class='ocrx_word' id='word_1_80' title='bbox 1237 1419 1290 1466; x_wconf 90' lang='lat' dir='ltr'>ex-</span> 
     </span>
     <span class='ocr_line' id='line_1_11' title="bbox 139 1496 1291 1582; baseline 0.003 -15"><span class='ocrx_word' id='word_1_81' title='bbox 139 1498 363 1582; x_wconf 83' lang='lat' dir='ltr'>stinxerunt1).</span> <span class='ocrx_word' id='word_1_82' title='bbox 402 1498 467 1566; x_wconf 85' lang='lat' dir='ltr'>Sed</span> <span class='ocrx_word' id='word_1_83' title='bbox 490 1500 561 1581; x_wconf 89' lang='lat' dir='ltr'>quis</span> <span class='ocrx_word' id='word_1_84' title='bbox 584 1505 633 1564; x_wconf 90' lang='lat' dir='ltr'>est</span> <span class='ocrx_word' id='word_1_85' title='bbox 655 1496 720 1564; x_wconf 92' lang='lat' dir='ltr'>dux</span> <span class='ocrx_word' id='word_1_86' title='bbox 742 1499 798 1563; x_wconf 90' lang='lat' dir='ltr'>ille</span> <span class='ocrx_word' id='word_1_87' title='bbox 821 1498 968 1582; x_wconf 81' lang='lat' dir='ltr'>egregius</span> <span class='ocrx_word' id='word_1_88' title='bbox 991 1504 1023 1565; x_wconf 89' lang='lat' dir='ltr'>et</span> <span class='ocrx_word' id='word_1_89' title='bbox 1045 1501 1180 1566; x_wconf 81' lang='lat' dir='ltr'>cautus?</span> <span class='ocrx_word' id='word_1_90' title='bbox 1217 1502 1291 1569; x_wconf 91' lang='lat' dir='ltr'>Non</span> 
     </span>
     <span class='ocr_line' id='line_1_12' title="bbox 140 1599 1292 1688; baseline -0.003 -19"><span class='ocrx_word' id='word_1_91' title='bbox 140 1601 234 1669; x_wconf 88' lang='lat' dir='ltr'>adest</span> <span class='ocrx_word' id='word_1_92' title='bbox 255 1601 288 1666; x_wconf 93' lang='lat' dir='ltr'>in</span> <span class='ocrx_word' id='word_1_93' title='bbox 303 1602 389 1668; x_wconf 92' lang='lat' dir='ltr'>bello</span> <span class='ocrx_word' id='word_1_94' title='bbox 404 1601 546 1668; x_wconf 88' lang='lat' dir='ltr'>Achaico</span> <span class='ocrx_word' id='word_1_95' title='bbox 569 1607 717 1684; x_wconf 88' lang='lat' dir='ltr'>exeunte,</span> <span class='ocrx_word' id='word_1_96' title='bbox 739 1599 795 1666; x_wconf 91' lang='lat' dir='ltr'>ubi</span> <span class='ocrx_word' id='word_1_97' title='bbox 810 1599 931 1664; x_wconf 83' lang='lat' dir='ltr'>Diaeus</span> <span class='ocrx_word' id='word_1_98' title='bbox 947 1605 979 1665; x_wconf 93' lang='lat' dir='ltr'>et</span> <span class='ocrx_word' id='word_1_99' title='bbox 994 1599 1162 1685; x_wconf 79' lang='lat' dir='ltr'>Critolaus,</span> <span class='ocrx_word' id='word_1_100' title='bbox 1186 1601 1292 1688; x_wconf 80' lang='grc' dir='ltr'><strong><em>δημα-</em></strong></span> 
     </span>
     <span class='ocr_line' id='line_1_13' title="bbox 139 1701 1293 1789; baseline 0.003 -23"><span class='ocrx_word' id='word_1_101' title='bbox 139 1705 243 1789; x_wconf 79' lang='lat' dir='ltr'>yroyol</span> <span class='ocrx_word' id='word_1_102' title='bbox 265 1702 469 1770; x_wconf 77' lang='lat' dir='ltr'>audacissimi</span> <span class='ocrx_word' id='word_1_103' title='bbox 492 1709 525 1768; x_wconf 92' lang='lat' dir='ltr'>et</span> <span class='ocrx_word' id='word_1_104' title='bbox 538 1703 708 1784; x_wconf 84' lang='lat' dir='ltr'>temerarii,</span> <span class='ocrx_word' id='word_1_105' title='bbox 730 1702 777 1768; x_wconf 90' lang='lat' dir='ltr'>rei</span> <span class='ocrx_word' id='word_1_106' title='bbox 791 1701 952 1767; x_wconf 80' lang='lat' dir='ltr'>Achaicae</span> <span class='ocrx_word' id='word_1_107' title='bbox 966 1710 1145 1785; x_wconf 85' lang='lat' dir='ltr'>praeerant.</span> <span class='ocrx_word' id='word_1_108' title='bbox 1183 1705 1293 1772; x_wconf 86' lang='lat' dir='ltr'>Keller</span> 
     </span>
     <span class='ocr_line' id='line_1_14' title="bbox 141 1795 1292 1889; baseline 0 -19"><span class='ocrx_word' id='word_1_109' title='bbox 141 1811 248 1873; x_wconf 90' lang='lat' dir='ltr'>autern</span> <span class='ocrx_word' id='word_1_110' title='bbox 269 1825 300 1888; x_wconf 90' lang='lat' dir='ltr'>p.</span> <span class='ocrx_word' id='word_1_111' title='bbox 317 1808 394 1870; x_wconf 81' lang='lat'><strong>389:</strong></span> <span class='ocrx_word' id='word_1_112' title='bbox 414 1798 481 1870; x_wconf 83' lang='lat' dir='ltr'>‘die</span> <span class='ocrx_word' id='word_1_113' title='bbox 496 1803 603 1870; x_wconf 87' lang='lat' dir='ltr'>Somne</span> <span class='ocrx_word' id='word_1_114' title='bbox 626 1823 688 1870; x_wconf 87' lang='lat' dir='ltr'>von</span> <span class='ocrx_word' id='word_1_115' title='bbox 704 1795 832 1870; x_wconf 79' lang='lat' dir='ltr'>¹Hellas’</span> <span class='ocrx_word' id='word_1_116' title='bbox 857 1802 960 1884; x_wconf 86' lang='lat' dir='ltr'>inquit</span> <span class='ocrx_word' id='word_1_117' title='bbox 978 1797 1089 1889; x_wconf 84' lang='lat' dir='ltr'>‘gieug</span> <span class='ocrx_word' id='word_1_118' title='bbox 1109 1810 1202 1870; x_wconf 83' lang='lat' dir='ltr'>auter</span> <span class='ocrx_word' id='word_1_119' title='bbox 1226 1804 1292 1871; x_wconf 91' lang='lat' dir='ltr'>und</span> 
     </span>
     <span class='ocr_line' id='line_1_15' title="bbox 141 1903 1292 1990; baseline 0.003 -20"><span class='ocrx_word' id='word_1_120' title='bbox 141 1906 225 1972; x_wconf 80' lang='lat' dir='ltr'>wari</span> <span class='ocrx_word' id='word_1_121' title='bbox 250 1907 295 1972; x_wconf 91' lang='lat' dir='ltr'>im</span> <span class='ocrx_word' id='word_1_122' title='bbox 317 1905 476 1972; x_wconf 87' lang='lat' dir='ltr'>Scheiden</span> <span class='ocrx_word' id='word_1_123' title='bbox 506 1906 557 1970; x_wconf 91' lang='lat' dir='ltr'>ein</span> <span class='ocrx_word' id='word_1_124' title='bbox 586 1926 666 1990; x_wconf 91' lang='lat' dir='ltr'>paar</span> <span class='ocrx_word' id='word_1_125' title='bbox 694 1903 906 1990; x_wconf 83' lang='lat' dir='ltr'>blutigrothe,</span> <span class='ocrx_word' id='word_1_126' title='bbox 935 1904 1013 1970; x_wconf 89' lang='lat' dir='ltr'>aber</span> <span class='ocrx_word' id='word_1_127' title='bbox 1043 1905 1125 1972; x_wconf 89' lang='lat' dir='ltr'>auch</span> <span class='ocrx_word' id='word_1_128' title='bbox 1147 1906 1292 1973; x_wconf 87' lang='lat' dir='ltr'>wander-</span> 
     </span>
     <span class='ocr_line' id='line_1_16' title="bbox 140 2005 1293 2091; baseline 0 -17"><span class='ocrx_word' id='word_1_129' title='bbox 140 2009 260 2075; x_wconf 79' lang='lat' dir='ltr'>sehhne</span> <span class='ocrx_word' id='word_1_130' title='bbox 269 2007 305 2091; x_wconf 79' lang='grc'>(1)</span> <span class='ocrx_word' id='word_1_131' title='bbox 328 2007 543 2074; x_wconf 82' lang='lat' dir='ltr'>Streilliohter</span> <span class='ocrx_word' id='word_1_132' title='bbox 573 2009 653 2074; x_wconf 85' lang='lat' dir='ltr'>lther</span> <span class='ocrx_word' id='word_1_133' title='bbox 682 2005 735 2073; x_wconf 93' lang='lat' dir='ltr'>die</span> <span class='ocrx_word' id='word_1_134' title='bbox 765 2005 860 2073; x_wconf 79' lang='lat' dir='ltr'>Erde.</span> <span class='ocrx_word' id='word_1_135' title='bbox 911 2005 1054 2090; x_wconf 90' lang='lat' dir='ltr'>Helden,</span> <span class='ocrx_word' id='word_1_136' title='bbox 1084 2007 1147 2074; x_wconf 87' lang='lat' dir='ltr'>wie</span> <span class='ocrx_word' id='word_1_137' title='bbox 1176 2010 1293 2074; x_wconf 80' lang='lat' dir='ltr'>Aratus</span> 
     </span>
     <span class='ocr_line' id='line_1_17' title="bbox 140 2106 1292 2195; baseline 0.001 -20"><span class='ocrx_word' id='word_1_138' title='bbox 140 2110 208 2175; x_wconf 90' lang='lat' dir='ltr'>und</span> <span class='ocrx_word' id='word_1_139' title='bbox 236 2109 481 2195; x_wconf 87' lang='lat' dir='ltr'>Philopoemen,</span> <span class='ocrx_word' id='word_1_140' title='bbox 509 2108 562 2175; x_wconf 89' lang='lat' dir='ltr'>die</span> <span class='ocrx_word' id='word_1_141' title='bbox 590 2109 643 2175; x_wconf 93' lang='lat' dir='ltr'>ihr</span> <span class='ocrx_word' id='word_1_142' title='bbox 666 2109 777 2176; x_wconf 90' lang='lat' dir='ltr'>Leben</span> <span class='ocrx_word' id='word_1_143' title='bbox 807 2106 864 2174; x_wconf 92' lang='lat' dir='ltr'>der</span> <span class='ocrx_word' id='word_1_144' title='bbox 892 2107 1112 2193; x_wconf 84' lang='lat' dir='ltr'>Erk&#39;a&#39;mpiung</span> <span class='ocrx_word' id='word_1_145' title='bbox 1140 2109 1228 2176; x_wconf 89' lang='lat' dir='ltr'>eines</span> <span class='ocrx_word' id='word_1_146' title='bbox 1257 2129 1292 2176; x_wconf 90' lang='lat' dir='ltr'>so</span> 
     </span>
     <span class='ocr_line' id='line_1_18' title="bbox 142 2199 1292 2296; baseline -0.003 -18"><span class='ocrx_word' id='word_1_147' title='bbox 142 2211 239 2278; x_wconf 92' lang='lat' dir='ltr'>edlen</span> <span class='ocrx_word' id='word_1_148' title='bbox 260 2199 489 2296; x_wconf 81' lang='lat' dir='ltr'>patriotisohen</span> <span class='ocrx_word' id='word_1_149' title='bbox 512 2211 617 2278; x_wconf 88' lang='lat' dir='ltr'>Zieles</span> <span class='ocrx_word' id='word_1_150' title='bbox 640 2211 794 2296; x_wconf 81' lang='lat' dir='ltr'>opserten,</span> <span class='ocrx_word' id='word_1_151' title='bbox 817 2217 955 2293; x_wconf 85' lang='lat' dir='ltr'>mltssen,</span> <span class='ocrx_word' id='word_1_152' title='bbox 979 2229 1015 2276; x_wconf 92' lang='lat' dir='ltr'>so</span> <span class='ocrx_word' id='word_1_153' title='bbox 1038 2210 1114 2276; x_wconf 87' lang='lat' dir='ltr'>weit</span> <span class='ocrx_word' id='word_1_154' title='bbox 1136 2210 1188 2276; x_wconf 90' lang='lat' dir='ltr'>die</span> <span class='ocrx_word' id='word_1_155' title='bbox 1210 2210 1292 2296; x_wconf 84' lang='lat' dir='ltr'>grie-</span> 
     </span>
     <span class='ocr_line' id='line_1_19' title="bbox 141 2310 1293 2395; baseline -0.002 -15"><span class='ocrx_word' id='word_1_156' title='bbox 141 2312 272 2380; x_wconf 89' lang='lat' dir='ltr'>chische</span> <span class='ocrx_word' id='word_1_157' title='bbox 297 2313 408 2394; x_wconf 83' lang='lat' dir='ltr'>Zunge</span> <span class='ocrx_word' id='word_1_158' title='bbox 430 2311 609 2395; x_wconf 88' lang='lat' dir='ltr'>hcrrsohte,</span> <span class='ocrx_word' id='word_1_159' title='bbox 639 2311 692 2377; x_wconf 90' lang='lat' dir='ltr'>die</span> <span class='ocrx_word' id='word_1_160' title='bbox 719 2313 858 2394; x_wconf 84' lang='lat' dir='ltr'>innigste</span> <span class='ocrx_word' id='word_1_161' title='bbox 882 2310 1095 2378; x_wconf 83' lang='lat' dir='ltr'>Theilnahme</span> <span class='ocrx_word' id='word_1_162' title='bbox 1125 2313 1178 2378; x_wconf 90' lang='lat' dir='ltr'>bei</span> <span class='ocrx_word' id='word_1_163' title='bbox 1207 2313 1293 2380; x_wconf 91' lang='lat' dir='ltr'>allen</span> 
     </span>
     <span class='ocr_line' id='line_1_20' title="bbox 140 2407 1293 2496; baseline 0.002 -18"><span class='ocrx_word' id='word_1_164' title='bbox 140 2414 268 2479; x_wconf 89' lang='lat' dir='ltr'>Braven</span> <span class='ocrx_word' id='word_1_165' title='bbox 289 2415 333 2480; x_wconf 91' lang='lat' dir='ltr'>im</span> <span class='ocrx_word' id='word_1_166' title='bbox 348 2413 451 2479; x_wconf 82' lang='lat' dir='ltr'>Vollxe</span> <span class='ocrx_word' id='word_1_167' title='bbox 474 2411 634 2494; x_wconf 83' lang='lat' dir='ltr'>gefunden</span> <span class='ocrx_word' id='word_1_168' title='bbox 656 2407 783 2478; x_wconf 88' lang='lat' dir='ltr'>hahen’:</span> <span class='ocrx_word' id='word_1_169' title='bbox 805 2413 852 2478; x_wconf 90' lang='lat' dir='ltr'>ita</span> <span class='ocrx_word' id='word_1_170' title='bbox 874 2418 909 2476; x_wconf 87' lang='lat' dir='ltr'>ut</span> <span class='ocrx_word' id='word_1_171' title='bbox 934 2412 1218 2496; x_wconf 89' lang='lat' dir='ltr'>Philopoemenem</span> <span class='ocrx_word' id='word_1_172' title='bbox 1240 2416 1293 2480; x_wconf 90' lang='lat' dir='ltr'>uel</span> 
     </span>
     <span class='ocr_line' id='line_1_21' title="bbox 139 2511 1293 2599; baseline -0.002 -17"><span class='ocrx_word' id='word_1_173' title='bbox 139 2517 276 2582; x_wconf 83' lang='lat' dir='ltr'>Aratum</span> <span class='ocrx_word' id='word_1_174' title='bbox 307 2512 420 2578; x_wconf 91' lang='lat' dir='ltr'>ducem</span> <span class='ocrx_word' id='word_1_175' title='bbox 447 2511 539 2578; x_wconf 88' lang='lat' dir='ltr'>illum</span> <span class='ocrx_word' id='word_1_176' title='bbox 567 2513 698 2578; x_wconf 84' lang='lat' dir='ltr'>fabulae</span> <span class='ocrx_word' id='word_1_177' title='bbox 727 2531 798 2578; x_wconf 91' lang='lat' dir='ltr'>esse</span> <span class='ocrx_word' id='word_1_178' title='bbox 828 2512 1012 2580; x_wconf 88' lang='lat' dir='ltr'>existimare</span> <span class='ocrx_word' id='word_1_179' title='bbox 1042 2515 1202 2599; x_wconf 87' lang='lat' dir='ltr'>uideatur,</span> <span class='ocrx_word' id='word_1_180' title='bbox 1239 2516 1293 2597; x_wconf 91' lang='lat' dir='ltr'>qui</span> 
     </span>
     <span class='ocr_line' id='line_1_22' title="bbox 140 2610 1291 2684; baseline 0 -1"><span class='ocrx_word' id='word_1_181' title='bbox 140 2620 269 2683; x_wconf 89' lang='lat' dir='ltr'>centum</span> <span class='ocrx_word' id='word_1_182' title='bbox 297 2613 365 2680; x_wconf 83' lang='lat' dir='ltr'>lere</span> <span class='ocrx_word' id='word_1_183' title='bbox 392 2613 483 2679; x_wconf 89' lang='lat' dir='ltr'>anuis</span> <span class='ocrx_word' id='word_1_184' title='bbox 511 2620 587 2680; x_wconf 90' lang='lat' dir='ltr'>ante</span> <span class='ocrx_word' id='word_1_185' title='bbox 616 2613 658 2678; x_wconf 89' lang='lat' dir='ltr'>ad</span> <span class='ocrx_word' id='word_1_186' title='bbox 686 2631 803 2678; x_wconf 90' lang='lat' dir='ltr'>nouum</span> <span class='ocrx_word' id='word_1_187' title='bbox 830 2610 941 2677; x_wconf 89' lang='lat' dir='ltr'>florem</span> <span class='ocrx_word' id='word_1_188' title='bbox 967 2633 1018 2678; x_wconf 90' lang='lat' dir='ltr'>res</span> <span class='ocrx_word' id='word_1_189' title='bbox 1040 2615 1181 2682; x_wconf 82' lang='lat' dir='ltr'>Graecas</span> <span class='ocrx_word' id='word_1_190' title='bbox 1202 2637 1291 2684; x_wconf 89' lang='lat' dir='ltr'>reuo-</span> 
     </span>
     <span class='ocr_line' id='line_1_23' title="bbox 142 2712 1294 2802; baseline -0.001 -18"><span class='ocrx_word' id='word_1_191' title='bbox 142 2722 261 2784; x_wconf 86' lang='lat' dir='ltr'>caraut.</span> <span class='ocrx_word' id='word_1_192' title='bbox 307 2717 374 2780; x_wconf 90' lang='lat' dir='ltr'>lam</span> <span class='ocrx_word' id='word_1_193' title='bbox 395 2713 503 2798; x_wconf 88' lang='lat' dir='ltr'>uides,</span> <span class='ocrx_word' id='word_1_194' title='bbox 534 2720 730 2801; x_wconf 88' lang='lat' dir='ltr'>quantopere</span> <span class='ocrx_word' id='word_1_195' title='bbox 753 2712 876 2780; x_wconf 88' lang='lat' dir='ltr'>Kelleri</span> <span class='ocrx_word' id='word_1_196' title='bbox 898 2714 1058 2779; x_wconf 89' lang='lat' dir='ltr'>sententia</span> <span class='ocrx_word' id='word_1_197' title='bbox 1079 2716 1141 2780; x_wconf 87' lang='lat' dir='ltr'>sibi</span> <span class='ocrx_word' id='word_1_198' title='bbox 1163 2717 1225 2802; x_wconf 88' lang='lat' dir='ltr'>ipsi</span> <span class='ocrx_word' id='word_1_199' title='bbox 1246 2739 1294 2784; x_wconf 91' lang='lat' dir='ltr'>re-</span> 
     </span>
     <span class='ocr_line' id='line_1_24' title="bbox 142 2812 1295 2904; baseline -0.001 -19"><span class='ocrx_word' id='word_1_200' title='bbox 142 2823 278 2904; x_wconf 79' lang='lat' dir='ltr'>pugnet:</span> <span class='ocrx_word' id='word_1_201' title='bbox 301 2817 421 2884; x_wconf 91' lang='lat' dir='ltr'>bellum</span> <span class='ocrx_word' id='word_1_202' title='bbox 444 2836 558 2884; x_wconf 91' lang='lat' dir='ltr'>canum</span> <span class='ocrx_word' id='word_1_203' title='bbox 581 2823 613 2884; x_wconf 89' lang='lat' dir='ltr'>et</span> <span class='ocrx_word' id='word_1_204' title='bbox 634 2817 780 2901; x_wconf 90' lang='lat' dir='ltr'>luporum</span> <span class='ocrx_word' id='word_1_205' title='bbox 795 2816 929 2882; x_wconf 85' lang='lat' dir='ltr'>refertur</span> <span class='ocrx_word' id='word_1_206' title='bbox 951 2812 994 2880; x_wconf 93' lang='lat' dir='ltr'>ad</span> <span class='ocrx_word' id='word_1_207' title='bbox 1016 2815 1128 2880; x_wconf 86' lang='lat' dir='ltr'>ultima</span> <span class='ocrx_word' id='word_1_208' title='bbox 1150 2821 1295 2902; x_wconf 87' lang='lat' dir='ltr'>tempora</span> 
     </span>
     <span class='ocr_line' id='line_1_25' title="bbox 142 2915 1294 3004; baseline 0.001 -20"><span class='ocrx_word' id='word_1_209' title='bbox 142 2917 282 2986; x_wconf 84' lang='lat' dir='ltr'>foederis</span> <span class='ocrx_word' id='word_1_210' title='bbox 302 2919 436 2985; x_wconf 91' lang='lat' dir='ltr'>Achaici</span> <span class='ocrx_word' id='word_1_211' title='bbox 458 2919 597 3004; x_wconf 91' lang='lat' dir='ltr'>corrupti</span> <span class='ocrx_word' id='word_1_212' title='bbox 620 2923 652 2986; x_wconf 91' lang='lat' dir='ltr'>et</span> <span class='ocrx_word' id='word_1_213' title='bbox 675 2917 800 3003; x_wconf 89' lang='lat' dir='ltr'>perditi,</span> <span class='ocrx_word' id='word_1_214' title='bbox 824 2937 844 2983; x_wconf 88' lang='lat' dir='ltr'>a</span> <span class='ocrx_word' id='word_1_215' title='bbox 866 2915 1047 3002; x_wconf 86' lang='lat' dir='ltr'>primordiis</span> <span class='ocrx_word' id='word_1_216' title='bbox 1071 2923 1103 2984; x_wconf 89' lang='lat' dir='ltr'>et</span> <span class='ocrx_word' id='word_1_217' title='bbox 1124 2916 1195 3001; x_wconf 91' lang='lat' dir='ltr'>ipso</span> <span class='ocrx_word' id='word_1_218' title='bbox 1216 2917 1294 2985; x_wconf 91' lang='lat' dir='ltr'>flore</span> 
     </span>
     <span class='ocr_line' id='line_1_26' title="bbox 145 3018 441 3106; baseline -0.003 -20"><span class='ocrx_word' id='word_1_219' title='bbox 145 3019 211 3087; x_wconf 90' lang='lat' dir='ltr'>dux</span> <span class='ocrx_word' id='word_1_220' title='bbox 233 3018 441 3106; x_wconf 86' lang='lat' dir='ltr'>depromitur!</span> 
     </span>
    </p>

    <p class='ocr_par' dir='ltr' id='par_1_4' title="bbox 144 3119 1295 3304">
     <span class='ocr_line' id='line_1_27' title="bbox 230 3119 1295 3206; baseline 0.002 -20"><span class='ocrx_word' id='word_1_221' title='bbox 230 3121 403 3188; x_wconf 88' lang='lat' dir='ltr'>Reicienda</span> <span class='ocrx_word' id='word_1_222' title='bbox 429 3122 527 3206; x_wconf 81' lang='lat' dir='ltr'>igitur</span> <span class='ocrx_word' id='word_1_223' title='bbox 553 3127 602 3188; x_wconf 90' lang='lat' dir='ltr'>est</span> <span class='ocrx_word' id='word_1_224' title='bbox 624 3120 704 3188; x_wconf 91' lang='lat' dir='ltr'>hacc</span> <span class='ocrx_word' id='word_1_225' title='bbox 725 3121 854 3187; x_wconf 87' lang='lat' dir='ltr'>fabulae</span> <span class='ocrx_word' id='word_1_226' title='bbox 875 3121 1105 3204; x_wconf 86' lang='lat' dir='ltr'>interpretatio.</span> <span class='ocrx_word' id='word_1_227' title='bbox 1151 3119 1216 3186; x_wconf 86' lang='lat' dir='ltr'>Sed</span> <span class='ocrx_word' id='word_1_228' title='bbox 1239 3142 1295 3188; x_wconf 91' lang='lat' dir='ltr'>cur</span> 
     </span>
     <span class='ocr_line' id='line_1_28' title="bbox 144 3221 1294 3304; baseline -0.002 -15"><span class='ocrx_word' id='word_1_229' title='bbox 144 3223 307 3290; x_wconf 87' lang='lat' dir='ltr'>Achaeum</span> <span class='ocrx_word' id='word_1_230' title='bbox 329 3223 444 3290; x_wconf 92' lang='lat' dir='ltr'>ducem</span> <span class='ocrx_word' id='word_1_231' title='bbox 466 3243 579 3291; x_wconf 90' lang='lat' dir='ltr'>canum</span> <span class='ocrx_word' id='word_1_232' title='bbox 594 3223 730 3289; x_wconf 89' lang='lat' dir='ltr'>Babrius</span> <span class='ocrx_word' id='word_1_233' title='bbox 751 3221 937 3304; x_wconf 86' lang='lat' dir='ltr'>nominauit,</span> <span class='ocrx_word' id='word_1_234' title='bbox 961 3242 1032 3288; x_wconf 90' lang='lat' dir='ltr'>cum</span> <span class='ocrx_word' id='word_1_235' title='bbox 1047 3241 1143 3288; x_wconf 89' lang='lat' dir='ltr'>canes</span> <span class='ocrx_word' id='word_1_236' title='bbox 1162 3221 1294 3288; x_wconf 89' lang='lat' dir='ltr'>Achaici</span> 
     </span>
    </p>
   </div>
   <div class='ocr_carea' id='block_1_3' title="bbox 142 3468 1295 4220">
    <p class='ocr_par' dir='ltr' id='par_1_5' title="bbox 142 3468 1295 4220">
     <span class='ocr_line' id='line_1_29' title="bbox 144 3468 1290 3542; baseline -0.002 -14"><span class='ocrx_word' id='word_1_237' title='bbox 144 3475 192 3529; x_wconf 91' lang='lat' dir='ltr'>mit</span> <span class='ocrx_word' id='word_1_238' title='bbox 210 3474 269 3529; x_wconf 89' lang='lat' dir='ltr'>dem</span> <span class='ocrx_word' id='word_1_239' title='bbox 287 3474 430 3530; x_wconf 88' lang='lat' dir='ltr'>Schichsal</span> <span class='ocrx_word' id='word_1_240' title='bbox 448 3474 495 3530; x_wconf 89' lang='lat' dir='ltr'>des</span> <span class='ocrx_word' id='word_1_241' title='bbox 512 3473 732 3542; x_wconf 83' lang='lat' dir='ltr'>untergehenden</span> <span class='ocrx_word' id='word_1_242' title='bbox 749 3471 842 3528; x_wconf 90' lang='lat' dir='ltr'>Hellas</span> <span class='ocrx_word' id='word_1_243' title='bbox 860 3489 913 3529; x_wconf 81' lang='lat' dir='ltr'>rou</span> <span class='ocrx_word' id='word_1_244' title='bbox 930 3473 1016 3528; x_wconf 88' lang='lat' dir='ltr'>selbst</span> <span class='ocrx_word' id='word_1_245' title='bbox 1034 3487 1152 3542; x_wconf 79' lang='lat' dir='ltr'>geaogen</span> <span class='ocrx_word' id='word_1_246' title='bbox 1169 3468 1290 3528; x_wconf 86' lang='lat' dir='ltr'>habeu?&#39;</span> 
     </span>
     <span class='ocr_line' id='line_1_30' title="bbox 143 3557 1292 3629; baseline 0 -17"><span class='ocrx_word' id='word_1_247' title='bbox 143 3589 176 3599; x_wconf 94' lang='lat'>-</span> <span class='ocrx_word' id='word_1_248' title='bbox 194 3559 242 3613; x_wconf 92' lang='lat' dir='ltr'>ubi</span> <span class='ocrx_word' id='word_1_249' title='bbox 261 3558 380 3614; x_wconf 88' lang='lat' dir='ltr'>circulus</span> <span class='ocrx_word' id='word_1_250' title='bbox 397 3559 425 3613; x_wconf 92' lang='lat' dir='ltr'>in</span> <span class='ocrx_word' id='word_1_251' title='bbox 444 3574 473 3614; x_wconf 89' lang='lat' dir='ltr'>sa</span> <span class='ocrx_word' id='word_1_252' title='bbox 490 3559 579 3629; x_wconf 88' lang='lat' dir='ltr'>ipsum</span> <span class='ocrx_word' id='word_1_253' title='bbox 596 3559 719 3624; x_wconf 89' lang='lat' dir='ltr'>recurrit,</span> <span class='ocrx_word' id='word_1_254' title='bbox 739 3573 801 3612; x_wconf 87' lang='lat' dir='ltr'>num</span> <span class='ocrx_word' id='word_1_255' title='bbox 820 3559 892 3628; x_wconf 92' lang='lat' dir='ltr'>quod</span> <span class='ocrx_word' id='word_1_256' title='bbox 905 3559 1130 3627; x_wconf 87' lang='lat' dir='ltr'>comprobaturus</span> <span class='ocrx_word' id='word_1_257' title='bbox 1149 3562 1190 3612; x_wconf 86' lang='lat' dir='ltr'>est</span> <span class='ocrx_word' id='word_1_258' title='bbox 1206 3557 1292 3626; x_wconf 87' lang='lat' dir='ltr'>pouit.</span> 
     </span>
     <span class='ocr_line' id='line_1_31' title="bbox 232 3642 1294 3714; baseline 0 -18"><span class='ocrx_word' id='word_1_259' title='bbox 232 3647 256 3710; x_wconf 81' lang='grc'>1)</span> <span class='ocrx_word' id='word_1_260' title='bbox 273 3643 333 3698; x_wconf 88' lang='lat' dir='ltr'>Hoc</span> <span class='ocrx_word' id='word_1_261' title='bbox 350 3645 404 3698; x_wconf 87' lang='lat' dir='ltr'>iam</span> <span class='ocrx_word' id='word_1_262' title='bbox 422 3644 530 3699; x_wconf 87' lang='lat' dir='ltr'>Hcckcr</span> <span class='ocrx_word' id='word_1_263' title='bbox 547 3643 564 3697; x_wconf 91' lang='lat'>1.</span> <span class='ocrx_word' id='word_1_264' title='bbox 580 3658 601 3698; x_wconf 87' lang='lat' dir='ltr'>s.</span> <span class='ocrx_word' id='word_1_265' title='bbox 618 3660 638 3698; x_wconf 89' lang='lat' dir='ltr'>s.</span> <span class='ocrx_word' id='word_1_266' title='bbox 654 3661 681 3714; x_wconf 86' lang='lat' dir='ltr'>p.</span> <span class='ocrx_word' id='word_1_267' title='bbox 696 3647 746 3699; x_wconf 85' lang='grc'>488</span> <span class='ocrx_word' id='word_1_268' title='bbox 765 3648 807 3698; x_wconf 88' lang='lat' dir='ltr'>est</span> <span class='ocrx_word' id='word_1_269' title='bbox 823 3642 988 3713; x_wconf 88' lang='lat' dir='ltr'>suspicatus,</span> <span class='ocrx_word' id='word_1_270' title='bbox 1006 3643 1053 3712; x_wconf 89' lang='lat' dir='ltr'>qui</span> <span class='ocrx_word' id='word_1_271' title='bbox 1070 3658 1119 3711; x_wconf 91' lang='lat' dir='ltr'>pro</span> <span class='ocrx_word' id='word_1_272' title='bbox 1138 3647 1294 3710; x_wconf 82' lang='lat' dir='ltr'>argumento</span> 
     </span>
     <span class='ocr_line' id='line_1_32' title="bbox 144 3725 1294 3798; baseline 0 -16"><span class='ocrx_word' id='word_1_273' title='bbox 144 3727 234 3784; x_wconf 86' lang='lat' dir='ltr'>addit:</span> <span class='ocrx_word' id='word_1_274' title='bbox 252 3726 370 3784; x_wconf 83' lang='lat' dir='ltr'>‘nomine</span> <span class='ocrx_word' id='word_1_275' title='bbox 382 3725 473 3782; x_wconf 79' lang='grc' dir='ltr'><strong><em>λύκων</em></strong></span> <span class='ocrx_word' id='word_1_276' title='bbox 490 3733 600 3798; x_wconf 87' lang='lat' dir='ltr'>poetam</span> <span class='ocrx_word' id='word_1_277' title='bbox 612 3727 777 3798; x_wconf 78' lang='lat' dir='ltr'>significasse</span> <span class='ocrx_word' id='word_1_278' title='bbox 788 3728 926 3783; x_wconf 87' lang='lat' dir='ltr'>Romanos</span> <span class='ocrx_word' id='word_1_279' title='bbox 938 3725 1002 3782; x_wconf 90' lang='lat' dir='ltr'>hine</span> <span class='ocrx_word' id='word_1_280' title='bbox 1015 3732 1099 3795; x_wconf 88' lang='lat' dir='ltr'>patet,</span> <span class='ocrx_word' id='word_1_281' title='bbox 1117 3725 1190 3794; x_wconf 90' lang='lat' dir='ltr'>quod</span> <span class='ocrx_word' id='word_1_282' title='bbox 1201 3725 1294 3782; x_wconf 88' lang='lat' dir='ltr'>hostes</span> 
     </span>
     <span class='ocr_line' id='line_1_33' title="bbox 143 3807 1295 3882; baseline -0.002 -14"><span class='ocrx_word' id='word_1_283' title='bbox 143 3813 306 3868; x_wconf 85' lang='lat' dir='ltr'>dictitabant</span> <span class='ocrx_word' id='word_1_284' title='bbox 322 3811 460 3869; x_wconf 88' lang='lat' dir='ltr'>Romanos</span> <span class='ocrx_word' id='word_1_285' title='bbox 477 3813 592 3882; x_wconf 91' lang='lat' dir='ltr'>lupos,</span> <span class='ocrx_word' id='word_1_286' title='bbox 609 3830 634 3868; x_wconf 80' lang='lat' dir='ltr'>v.</span> <span class='ocrx_word' id='word_1_287' title='bbox 651 3813 762 3868; x_wconf 86' lang='lat' dir='ltr'>Ruhnk.</span> <span class='ocrx_word' id='word_1_288' title='bbox 780 3813 815 3867; x_wconf 92' lang='lat' dir='ltr'>ad</span> <span class='ocrx_word' id='word_1_289' title='bbox 830 3812 922 3869; x_wconf 87' lang='lat' dir='ltr'>Vellei.</span> <span class='ocrx_word' id='word_1_290' title='bbox 940 3812 999 3866; x_wconf 87' lang='lat' dir='ltr'>Pat.</span> <span class='ocrx_word' id='word_1_291' title='bbox 1016 3811 1052 3877; x_wconf 90' lang='grc' dir='ltr'>ΙΙ,</span> <span class='ocrx_word' id='word_1_292' title='bbox 1066 3807 1122 3864; x_wconf 80' lang='grc'><strong>11’.</strong></span> <span class='ocrx_word' id='word_1_293' title='bbox 1158 3811 1196 3864; x_wconf 85' lang='lat' dir='ltr'>At</span> <span class='ocrx_word' id='word_1_294' title='bbox 1213 3827 1295 3880; x_wconf 89' lang='lat' dir='ltr'>quos·</span> 
     </span>
     <span class='ocr_line' id='line_1_34' title="bbox 142 3895 1295 3966; baseline -0.003 -15"><span class='ocrx_word' id='word_1_295' title='bbox 142 3897 210 3953; x_wconf 87' lang='lat' dir='ltr'>libet</span> <span class='ocrx_word' id='word_1_296' title='bbox 233 3897 331 3952; x_wconf 84' lang='lat' dir='ltr'>milites</span> <span class='ocrx_word' id='word_1_297' title='bbox 352 3897 438 3953; x_wconf 85' lang='lat' dir='ltr'>fortes</span> <span class='ocrx_word' id='word_1_298' title='bbox 462 3897 621 3966; x_wconf 83' lang='lat' dir='ltr'>ferocesque</span> <span class='ocrx_word' id='word_1_299' title='bbox 643 3898 722 3966; x_wconf 88' lang='lat' dir='ltr'>lupos</span> <span class='ocrx_word' id='word_1_300' title='bbox 749 3897 862 3964; x_wconf 85' lang='lat' dir='ltr'>dixeris,</span> <span class='ocrx_word' id='word_1_301' title='bbox 889 3897 961 3951; x_wconf 88' lang='lat' dir='ltr'>sicut</span> <span class='ocrx_word' id='word_1_302' title='bbox 986 3896 1061 3964; x_wconf 87' lang='lat' dir='ltr'>ipsos</span> <span class='ocrx_word' id='word_1_303' title='bbox 1084 3895 1203 3951; x_wconf 83' lang='lat' dir='ltr'>Graecos</span> <span class='ocrx_word' id='word_1_304' title='bbox 1227 3895 1295 3950; x_wconf 82' lang='lat' dir='ltr'>dixit</span> 
     </span>
     <span class='ocr_line' id='line_1_35' title="bbox 144 3980 1294 4051; baseline 0.001 -16"><span class='ocrx_word' id='word_1_305' title='bbox 144 3982 197 4036; x_wconf 88' lang='lat' dir='ltr'>iam</span> <span class='ocrx_word' id='word_1_306' title='bbox 215 3981 349 4037; x_wconf 85' lang='lat' dir='ltr'>Homerus</span> <span class='ocrx_word' id='word_1_307' title='bbox 367 3982 397 4036; x_wconf 88' lang='lat' dir='ltr'>ss.</span> <span class='ocrx_word' id='word_1_308' title='bbox 416 3987 458 4048; x_wconf 88' lang='grc' dir='ltr'>Π,</span> <span class='ocrx_word' id='word_1_309' title='bbox 480 3987 535 4038; x_wconf 79' lang='grc'><strong>156.</strong></span> <span class='ocrx_word' id='word_1_310' title='bbox 554 3987 618 4049; x_wconf 80' lang='grc'><strong>311,</strong></span> <span class='ocrx_word' id='word_1_311' title='bbox 643 3981 762 4036; x_wconf 82' lang='lat' dir='ltr'>Graecos</span> <span class='ocrx_word' id='word_1_312' title='bbox 780 3981 920 4050; x_wconf 89' lang='lat' dir='ltr'>Troesque</span> <span class='ocrx_word' id='word_1_313' title='bbox 937 3983 961 4032; x_wconf 90' lang='grc' dir='ltr'><em>Δ</em></span> <span class='ocrx_word' id='word_1_314' title='bbox 978 3985 1043 4045; x_wconf 85' lang='grc'><strong>411,</strong></span> <span class='ocrx_word' id='word_1_315' title='bbox 1064 3981 1094 4032; x_wconf 94' lang='grc' dir='ltr'><em>Λ</em></span> <span class='ocrx_word' id='word_1_316' title='bbox 1112 3984 1144 4034; x_wconf 82' lang='grc'>11</span> <span class='ocrx_word' id='word_1_317' title='bbox 1163 3982 1190 4034; x_wconf 89' lang='lat' dir='ltr'>ct</span> <span class='ocrx_word' id='word_1_318' title='bbox 1207 3980 1294 4051; x_wconf 86' lang='lat' dir='ltr'>Lyco·</span> 
     </span>
     <span class='ocr_line' id='line_1_36' title="bbox 144 4064 1295 4140; baseline 0 -21"><span class='ocrx_word' id='word_1_319' title='bbox 144 4066 213 4134; x_wconf 89' lang='lat' dir='ltr'>phro</span> <span class='ocrx_word' id='word_1_320' title='bbox 238 4066 315 4121; x_wconf 89' lang='lat' dir='ltr'>Alex.</span> <span class='ocrx_word' id='word_1_321' title='bbox 336 4072 401 4122; x_wconf 79' lang='grc'><strong>1444</strong></span> <span class='ocrx_word' id='word_1_322' title='bbox 426 4064 616 4140; x_wconf 78' lang='grc' dir='ltr'><strong><em>στρατηλάτην</em></strong></span> <span class='ocrx_word' id='word_1_323' title='bbox 638 4064 720 4120; x_wconf 74' lang='grc' dir='ltr'><strong><em>λύκον</em></strong></span> <span class='ocrx_word' id='word_1_324' title='bbox 742 4065 927 4120; x_wconf 89' lang='lat' dir='ltr'>Alexandrum</span> <span class='ocrx_word' id='word_1_325' title='bbox 950 4065 1108 4121; x_wconf 86' lang='lat' dir='ltr'>nominauit.</span> <span class='ocrx_word' id='word_1_326' title='bbox 1149 4066 1295 4121; x_wconf 84' lang='lat' dir='ltr'>Praeterea</span> 
     </span>
     <span class='ocr_line' id='line_1_37' title="bbox 144 4149 1259 4220; baseline -0.002 -16"><span class='ocrx_word' id='word_1_327' title='bbox 144 4149 244 4206; x_wconf 88' lang='lat' dir='ltr'>bellum</span> <span class='ocrx_word' id='word_1_328' title='bbox 263 4165 279 4205; x_wconf 87' lang='lat' dir='ltr'>a</span> <span class='ocrx_word' id='word_1_329' title='bbox 296 4151 368 4220; x_wconf 88' lang='lat' dir='ltr'>lupis</span> <span class='ocrx_word' id='word_1_330' title='bbox 387 4167 448 4207; x_wconf 92' lang='lat' dir='ltr'>cum</span> <span class='ocrx_word' id='word_1_331' title='bbox 467 4151 579 4207; x_wconf 88' lang='lat' dir='ltr'>canibus</span> <span class='ocrx_word' id='word_1_332' title='bbox 597 4157 701 4219; x_wconf 79' lang='lat' dir='ltr'>gestum</span> <span class='ocrx_word' id='word_1_333' title='bbox 718 4151 840 4220; x_wconf 89' lang='lat' dir='ltr'>plurimis</span> <span class='ocrx_word' id='word_1_334' title='bbox 859 4151 967 4206; x_wconf 92' lang='lat' dir='ltr'>omnino</span> <span class='ocrx_word' id='word_1_335' title='bbox 985 4151 1086 4206; x_wconf 86' lang='lat' dir='ltr'>fabulis</span> <span class='ocrx_word' id='word_1_336' title='bbox 1099 4150 1259 4206; x_wconf 83' lang='lat' dir='ltr'>celebratur.</span> 
     </span>
    </p>
   </div>
   <div class='ocr_carea' id='block_1_4' title="bbox 0 0 1580 4872">
    <p class='ocr_par' dir='ltr' id='par_1_6' title="bbox 0 0 1580 4872">
     <span class='ocr_line' id='line_1_38' title="bbox 0 0 1580 4872; baseline 0 0"><span class='ocrx_word' id='word_1_337' title='bbox 0 0 1580 4872; x_wconf 95' lang='lat' dir='ltr'> </span> 
     </span>
    </p>
   </div>
  </div>
 </body>
</html>
