3138 4872
235 441 296 502 130
401 517 410 530 ο
714 435 778 491 Otto
797 434 909 491 drusius

234 612 350 681 iambis
372 609 509 676 Babrius
530 613 677 693 repetens
698 607 732 673 in
755 605 818 672 duo
840 605 1004 673 uolumina
1023 606 1194 689 coartauit3
1217 606 1384 673 Phaedrus

234 715 332 781 etiam
357 717 482 798 partem
510 709 651 790 aliquam
677 708 816 790 quinque
837 709 870 774 in
892 708 1020 774 libellos
1042 699 1207 775 resoluit':
1236 708 1292 773 ubi
1313 707 1385 791 ipsa

235 813 445 884 collocatione
459 811 611 876 Babrium
633 816 708 875 ante
724 809 906 877 Phaedrum
928 810 1050 876 uixisse
1070 808 1205 875 indicari
1227 809 1384 894 opinatur.

234 918 302 984 Sed
322 936 362 983 ea
376 920 499 980 tantum
514 912 676 994 excerpsit
690 931 731 977 ex
745 914 816 979 loco
831 913 888 979 illo
904 929 987 993 quae
1001 909 1180 978 sententiae
1195 929 1272 976 suae
1287 910 1383 996 prod-

235 1023 341 1084 essent
352 1016 392 1100 ¹):
415 1035 454 1082 en
469 1013 571 1079 habes
584 1012 758 1097 integrum:
778 1008 886 1080 ‘huius
901 1033 977 1097 ergo
993 1011 1147 1080 materiae
1162 1013 1277 1078 ducem
1291 1013 1384 1081 nobis

234 1123 397 1203 Aesopum
418 1114 555 1197 noueris,
578 1115 633 1194 qui
654 1134 807 1200 responso
829 1114 978 1198 Delphici
1000 1113 1158 1199 Apollinis
1183 1113 1321 1180 monitus
1343 1115 1384 1179 ri·

235 1220 342 1286 dicula
363 1235 453 1284 orsus
476 1220 540 1298 est,
568 1221 603 1280 ut
624 1215 790 1295 sequenda
817 1215 967 1282 firmaret.
1008 1216 1126 1281 Verum
1154 1215 1214 1281 has
1242 1236 1300 1301 pro
1329 1235 1383 1281 ex-

235 1320 342 1404 emplo
370 1317 496 1383 fabulas
525 1321 557 1383 et
578 1316 726 1383 Socrates
756 1316 873 1383 diuinis
901 1318 1049 1402 operibus
1059 1316 1085 1401 ²)
1110 1315 1226 1382 indidit
1254 1322 1287 1382 et
1308 1337 1384 1402 poe·

234 1421 313 1486 mati
335 1439 392 1485 suo
408 1419 543 1484 Flaccus
566 1418 698 1503 aptauit,
722 1419 808 1502 quod
829 1419 862 1484 in
885 1439 921 1486 se
940 1419 999 1486 sub
1014 1418 1155 1484 iocorum
1171 1418 1383 1484 communium

234 1521 341 1605 specie
357 1520 442 1586 uitae
454 1525 643 1604 argumenta
658 1521 846 1587 contineant.
873 1520 960 1599 Quas
972 1519 1104 1586 Graecis
1119 1519 1236 1585 iambis
1248 1519 1384 1586 Babrius

234 1629 407 1706 repetens.
428 1671 434 1686 .
454 1672 462 1688 .
481 1622 653 1705 coartauit;
681 1622 846 1688 Phaedrus
874 1622 971 1687 etiam
990 1670 997 1686 .
1017 1669 1025 1686 .
1046 1672 1053 1687 .
1072 1611 1223 1688 resoluit’.
1269 1621 1384 1688 Nonne

234 1724 378 1791 Auienus
401 1723 429 1789 si
451 1722 580 1803 quidem
602 1723 754 1806 temporis
776 1723 932 1788 rationem
953 1721 1075 1805 habuit,
1100 1722 1133 1788 in
1155 1723 1302 1789 uniuerso
1324 1723 1384 1788 hoc

235 1827 305 1893 loco
329 1823 476 1890 habuerit
497 1842 630 1889 necesse
653 1823 724 1887 est?
762 1821 904 1900 Quodsi
919 1824 1098 1907 statuimus,
1120 1824 1216 1905 longe
1231 1825 1323 1890 aliter
1337 1830 1383 1890 at-

236 1947 298 2009 que
321 1924 583 1992 Schneidewinus
605 1924 687 1988 inter
701 1923 841 1990 Phaedri
860 1924 1011 2006 (Tiberii)
1035 1932 1068 1991 et
1082 1924 1207 1990 Horatii
1221 1923 1384 2010 (Augusti)

235 2035 380 2112 tempora
400 2023 553 2090 Babrium
575 2023 696 2090 uixisse
717 2031 831 2109 putare
849 2025 1013 2108 debemus,
1037 2026 1075 2092 of.
1092 2025 1271 2092 Knochium
1285 2047 1317 2110 p.
1333 2029 1383 2093 28.

235 2127 302 2195 Sed
323 2126 466 2193 ordinem
488 2130 653 2208 poetarum
669 2125 811 2191 Auienus
827 2128 954 2193 omnino
976 2126 1151 2193 secundum
1172 2134 1299 2212 tempus
1321 2147 1385 2192 non

235 2227 406 2309 constituit,
428 2226 525 2292 immo
541 2246 582 2292 ex
597 2226 726 2293 natione
742 2229 821 2312 sola,
844 2227 890 2293 ita
909 2227 1047 2312 quidem,
1070 2234 1104 2294 ut
1119 2228 1260 2296 Graecos
1279 2229 1385 2313 priore

234 2331 305 2397 loco
328 2328 479 2409 nominet,
501 2328 677 2411 posteriore
701 2331 874 2396 Romanos:
904 2331 965 2396 duo
988 2337 1096 2396 autem
1121 2330 1206 2395 inter
1227 2349 1263 2395 se
1285 2350 1382 2414 oppo-
1484 2384 1486 2390 ,

235 2432 299 2497 suit
320 2430 510 2514 scriptorum
533 2430 624 2510 quasi
645 2430 745 2514 paria,
768 2432 856 2516 prius
877 2430 959 2496 illud
982 2428 1145 2495 Socratem
1170 2438 1201 2496 et
1216 2431 1384 2496 Horatium

236 2533 409 2613 continens,
433 2531 657 2599 celeberrimos
679 2533 797 2615 exiis,
825 2533 879 2615 qui
901 2531 1052 2616 operibus
1074 2533 1140 2598 suis
1162 2532 1255 2613 quasi
1278 2532 1385 2598 condi-

235 2639 376 2700 mentum
403 2633 597 2718 asperserint
622 2634 765 2717 fabulas,
801 2634 959 2720 posterius
985 2633 1138 2700 Babrium
1167 2633 1322 2698 exhibens
1352 2638 1385 2698 et

233 2733 417 2800 Phaedrum
445 2734 479 2804 in
505 2734 585 2820 ipsis
600 2736 731 2822 ‚fabulis
758 2735 986 2819 componendis
1015 2742 1114 2802 totam
1140 2755 1271 2820 operam
1292 2753 1385 2801 suam

193 2923 197 2930 Ι
236 2837 436 2918 collocantes.
473 2836 562 2902 Nihil
576 2835 673 2921 igitur
688 2837 730 2904 de
744 2836 856 2902 Babrii
869 2842 976 2903 aetate
991 2836 1196 2920 consequitur
1210 2856 1251 2901 ex
1267 2835 1384 2902 Auiani

234 2938 292 3004 illo
314 2937 395 3004 loco.

320 3040 493 3104 Praeterea
516 3036 778 3104 Schneidewinus
800 3059 841 3105 ex
863 3038 954 3106 initio
976 3040 1131 3124 prooemii
1153 3041 1199 3105 Il:

309 3241 316 3254 ·
410 3157 537 3231 Μῦθος
559 3158 628 3237 μέν,
653 3140 679 3218 ὦ
701 3167 769 3220 παῖ
788 3157 954 3239 βασιλέως
976 3148 1203 3244 Ἀλεξάνδρου,

410 3255 524 3341 Σύρων
547 3256 703 3322 παλαιῶν
726 3253 815 3322 ἐστὶν
838 3249 948 3344 εῧρεμ’
975 3251 1170 3346 ἀνθρώπων

234 3376 388 3443 Babrium
403 3374 519 3458 Syrum
541 3373 639 3441 fuisse
661 3373 831 3460 concludit,
855 3376 974 3462 quippe
997 3378 1051 3461 qui
1067 3376 1165 3463 Syros
1187 3378 1314 3444 fabulas
1336 3377 1381 3444 iu·

234 3478 362 3544 uenisse
384 3495 465 3542 unus
487 3475 627 3542 omnium
656 3476 771 3543 tradat.
817 3480 931 3563 Itaque
953 3500 1024 3547 cum
1045 3477 1231 3546 Alexander
1252 3479 1307 3545 ille
1329 3484 1385 3544 aut

233 3577 420 3645 Alexander
442 3577 456 3641 1
479 3576 576 3642 Balas
598 3577 693 3644 luerit
714 3585 769 3644 aut
783 3580 969 3648 Alexander
990 3581 1022 3648 ΙΙ
1043 3581 1174 3664 Zebina,
1196 3581 1230 3646 in
1252 3581 1384 3646 alterius

199 3701 264 3760 ‚a
287 3680 360 3746 Chr.
383 3700 414 3743 n.
443 3679 565 3745 saeculi
592 3682 767 3773 posteriore
797 3689 889 3767 parte
915 3703 987 3752 eum
1016 3683 1146 3750 uixisse.
1190 3683 1234 3748 At
1260 3680 1385 3766 Σύρους

323 3919 348 3978 1)
366 3915 437 3970 Miro
456 3915 647 3983 cogitationum
666 3931 800 3971 consensu
818 3917 888 3970 idem
905 3915 971 3971 fecit
987 3917 1080 3972 Keller
1096 3917 1114 3970 l.
1125 3932 1145 3972 s.
1156 3933 1179 3972 s.

321 4001 348 4064 2)
366 3993 505 4054 ‘oraculis'
524 3999 637 4056 Leehm.
656 4001 779 4070 coniecit,
796 3998 981 4056 ‘sermonibus'
1000 4001 1141 4056 Froehner
1158 4000 1224 4055 satis
1242 4006 1317 4071 apte:
1337 4000 1385 4055 sed

235 4101 290 4139 nou
309 4099 377 4152 opus
396 4087 438 4138 est
456 4085 631 4150 correctione,
650 4101 713 4140 nam
730 4085 860 4140 uertimur
874 4085 903 4139 in
919 4084 1026 4139 Auiano
1039 4080 1200 4140 ‘litterarum
1219 4085 1384 4142 Graecarum

234 4184 331 4237 parum
349 4165 443 4238 perito'
463 4169 574 4235 (Eberh.
588 4170 645 4224 obs.
655 4185 683 4238 p.
694 4174 729 4236 3).
