3138 4872
581 410 613 465 de
631 409 725 465 Babrii
741 413 839 465 aetate.
1227 408 1286 469 185

139 587 297 650 scrutatus
320 589 369 650 est
380 581 412 666 1),
435 601 591 666 nusquam
613 581 693 648 alibi
713 576 883 666 inuenisse,
906 583 945 648 cf.
962 581 1084 666 zoolog.
1099 579 1231 666 mythol.
1246 583 1287 666 11,

138 707 169 770 p.
196 687 255 750 138
285 683 402 752 adnot..
447 683 516 763 Quo
547 685 644 750 etiam
672 682 870 768 probabilius
899 681 935 746 fit
958 703 999 750 ex
1021 683 1102 751 Italo
1124 683 1180 749 illo
1202 683 1289 750 sonte

139 806 211 853 eam
234 805 305 878 esse
326 785 504 871 repetitam.

224 887 324 954 Plura
338 893 421 971 sunt,
445 908 527 971 quae
542 909 583 956 ex
598 887 693 953 rebus
708 885 786 972 ipsis
802 885 983 952 concludas.
1012 885 1092 951 Fab.
1104 889 1154 968 95,
1168 888 1207 951 69
1219 902 1288 967 sqq.

140 989 254 1072 uulpes
276 1009 386 1056 cerro:

313 1085 330 1156 d
354 1091 414 1173 μὲν
436 1092 519 1156 λέων
542 1110 597 1156 σοι
620 1086 1044 1176 συμφέρονταιβουλεύσων

256 1204 284 1254 10
312 1193 443 1275 μέλλων
464 1185 495 1258 τ’
523 1190 659 1278 ἐγείρειν
680 1193 739 1278 τῆς
761 1189 914 1276 πάροιθε
935 1193 1081 1276 νωθείας
1125 1243 1126 1246 ,

313 1291 459 1379 ἔψαυσεν
482 1287 575 1374 ὠτός,
600 1288 645 1370 ὦς
667 1291 779 1380 πατὴρ
803 1284 1046 1378 ἀποθνήσκων·

315 1393 430 1479 ἔμελλε
451 1396 514 1485 γάρ
538 1420 593 1463 σοι
615 1399 730 1460 πᾶσαν
753 1391 887 1482 ἐντολὴν
913 1393 1042 1474 δώσειν,

315 1490 415 1586 ἀρχὴν
437 1497 602 1586 τοσαύτην
625 1500 700 1574 aaa
722 1498 873 1580 λαβοῦσα
894 1493 1048 1582 τηρήσεις
1069 1495 1136 1560 κτλ.

138 1615 317 1683 Zachariae
337 1637 368 1700 p.
386 1621 426 1682 35
449 1617 492 1682 ad
514 1639 543 1684 u.
567 1622 604 1681 71
630 1617 777 1684 adnotat:
797 1609 935 1698 ‘madero
957 1605 1042 1689 ὠτός
1069 1633 1178 1679 aurern
1201 1611 1290 1678 uelli-

123 1738 224 1802 ¹care,
245 1712 420 1784 “auriculis
449 1710 671 1804 prehendere''
699 1716 832 1802 (Plaut.)
859 1715 1018 1800 significat
1046 1715 1120 1795 iq.
1145 1713 1291 1796 osculari,

139 1823 178 1886 cf.
202 1841 232 1885 v.
257 1824 296 1884 74
319 1825 441 1903 ’κνὶσμα
459 1819 571 1908 χειρὸς
594 1814 775 1908 ἀρρώστου,
805 1841 835 1886 v.
859 1823 900 1882 40
927 1810 1037 1894 ὄνυξιν
1064 1807 1158 1880 οὔατ’
1185 1811 1292 1878 ἐσπά-

139 1919 238 2007 ραξεν
268 1913 434 2006 capulam,
462 1924 557 1990 Babr.
580 1927 630 2008 81,
654 1927 671 1988 3
702 1920 832 1987 docrvcr
858 1916 903 1997 ὥς
935 1921 1025 2007 φίλῳ
1053 1913 1175 2001 ψαύων
1186 1913 1223 2000 ²).
1252 1950 1289 1960 -

138 2025 207 2086 ταῖν
230 2017 323 2088 ὤτων
346 2028 523 2111 καθαιρεῖν
546 2025 627 2091 dixit
648 2024 836 2092 Theocritus
861 2029 895 2106 5,
920 2025 997 2104 133,
1026 2022 1093 2084 τῶν
1116 2011 1211 2083 ὤτων
1233 2017 1292 2080 λα-

138 2128 269 2207 βέσθαι
283 2125 506 2194 Aristaenetus
525 2134 551 2211 1,
564 2131 619 2192 24:
642 2125 752 2210 ibique
775 2126 815 2193 cf.
830 2126 1020 2210 interpretes
1034 2143 1066 2207 p.
1083 2124 1144 2186 552
1161 2119 1291 2204 (Boias.)

136 2221 194 2292 ‘de
216 2227 273 2294 illo
296 2228 523 2294 delicatissimo
546 2230 726 2296 osculorum
749 2248 875 2313 genere,
902 2225 988 2308 quod
1007 2223 1126 2311 χύτρα,
1150 2223 1293 2290 osculum

136 2326 361 2394 Florentinum
390 2322 581 2412 uocatur’i).
633 2332 678 2395 At
706 2338 797 2414 pater
826 2329 965 2395 moriens
993 2347 1069 2392 num
1097 2325 1147 2390 his
1176 2325 1293 2391 osculis

138 2429 271 2496 utetur?
309 2450 384 2494 num
413 2436 516 2495 utetur
544 2451 602 2496 rex
631 2429 785 2511 moriens,
819 2429 874 2509 qui
903 2429 1098 2494 excitaturus
1126 2431 1175 2494 est
1202 2425 1293 2510 regui

131 2531 296 2596 ¹heredem
319 2549 360 2595 ex
382 2529 516 2613 pristina
536 2531 667 2614 ignauia
689 2533 721 2593 et
736 2528 914 2610 edocturus,
938 2547 999 2609 quo
1015 2528 1110 2594 modo
1126 2527 1293 2613 imperium

138 2637 310 2714 acceptum
338 2630 486 2697 tueatur?
530 2632 643 2715 Apage
670 2635 735 2696 tam
767 2628 911 2694 ridicula.
962 2628 1046 2692 Vera
1073 2629 1293 2712 interpretatio
1389 2699 1390 2702 ,

139 2733 297 2818 repetitur
319 2753 363 2798 cx
384 2733 549 2800 Romano
572 2729 790 2798 antestandi
812 2750 926 2812 more,
953 2749 994 2794 ex
1017 2746 1079 2808 quo
1101 2729 1158 2796 ubi
1179 2733 1294 2794 testem

141 2835 285 2916 aliquem
307 2853 378 2901 esse
400 2835 561 2919 uolebant,
584 2833 773 2905 imamcius
793 2853 903 2898 aurem
918 2829 1093 2912 tangebant
1105 2820 1290 2895 ‘memento’

142 2937 334 3020 dicantar).
379 2935 472 3014 Quod
495 2973 537 2982 —
560 2944 595 3002 nt
616 2936 649 3002 in
670 2935 720 3002 ius
741 2933 944 3002 uocationem
967 2936 999 2998 et
1029 2929 1294 3014 mancipationem

143 3025 290 3104 omittam
311 3074 352 3084 -
376 3039 474 3102 etiam
502 3039 535 3104 in
564 3041 755 3102 testamento
785 3034 946 3102 faciebant
968 3053 1025 3118 per
1047 3051 1103 3098 aes
1125 3036 1157 3098 et
1178 3031 1295 3096 libram

143 3140 164 3204 i.
181 3160 207 3206 e.
224 3159 282 3222 per
303 3139 571 3223 mancipationem
593 3141 685 3203 facto.
723 3138 815 3204 Hanc
838 3135 1022 3202 testamenti
1043 3133 1187 3216 formam,
1212 3151 1295 3214 quae

143 3247 308 3326 postrema
336 3241 410 3324 fuit,
441 3259 540 3322 usque
563 3239 606 3305 ad
627 3240 774 3305 ultimum
796 3243 922 3322 ternpus
945 3243 1107 3304 seruatam
1130 3253 1200 3302 esse
1223 3234 1294 3302 Ole-

232 3479 256 3542 1)
274 3475 345 3531 Nam
362 3476 433 3529 hanc
452 3476 549 3529 saltam
565 3472 672 3527 laudern
690 3472 818 3540 derogare
836 3473 861 3526 ei
878 3489 933 3528 non
949 3471 1060 3540 poteris.

231 3565 257 3626 2)
274 3561 350 3614 Haec
367 3559 459 3623 uerba,
479 3558 577 3627 quibus
595 3557 661 3611 nihil
679 3557 778 3612 dicitur
795 3557 828 3611 dc
845 3556 966 3622 auribus,
985 3555 1050 3624 quid
1062 3555 1173 3610 ualeant
1187 3569 1242 3609 non
1253 3554 1294 3608 in-

144 3646 252 3713 tellego.
288 3644 367 3699 certe
383 3643 648 3698 Bodl.Knoell.1212
673 3639 769 3695 θέλων
786 3640 932 3712 φιλῆσαι..
944 3636 1115 3712 caccabata
1132 3639 1165 3694 dc
1182 3637 1295 3694 auribus

144 3729 285 3798 tangendis
305 3729 418 3796 cogitari
435 3743 489 3782 non
506 3729 604 3795 potest.

232 3818 258 3879 ³)
275 3813 308 3868 ln
329 3813 421 3882 primis
445 3813 542 3880 opinor
566 3809 747 3866 consulendus
765 3815 808 3866 est
824 3809 976 3865 Meinekius
999 3825 1066 3864 com.
1086 3809 1132 3864 Gr.
1151 3809 1192 3864 ed.
1210 3810 1296 3864 maior

145 3899 204 3967 11‚2
220 3903 317 3968 p856.

232 3988 258 4048 4)
277 3983 353 4046 Rein,
372 3980 544 4037 Privatrccht
560 3995 587 4047 p.
598 3983 724 4034 235189.
752 3978 852 4045 Lange,
869 3977 902 4033 R.
912 3979 1006 4047 A.lp.
1020 3983 1076 4034 115.
1110 3977 1198 4046 Pauli,
1215 3977 1296 4036 Ronl-

148 4067 364 4138 encyclcplaedie
376 4067 401 4120 Ιί
413 4083 439 4136 p.
452 4069 525 4120 1085.
537 4063 584 4130 IV,
600 4067 672 4117 1110.
699 4063 768 4120 Iuris
779 4062 895 4118 Romani
912 4064 981 4119 ratio
999 4063 1116 4120 habetur
1132 4063 1214 4120 etiam
1224 4064 1297 4135 apud

147 4152 300 4208 Phaedrum
314 4153 335 4218 1,
348 4155 386 4205 16.
399 4155 437 4205 11.
