3138 4872
283 412 344 473 154
762 412 825 468 Otto
844 411 956 469 Orosius

282 585 337 672 qui
358 584 458 652 filium
481 602 572 651 suum
594 583 627 648 in
649 583 808 669 Apollinis
830 585 983 653 honorem
1004 583 1186 650 Branchum
1210 582 1433 666 nominauerit,

281 688 363 756 sicut
384 684 550 754 Heliodori
571 692 678 771 pater,
703 685 787 753 Solis
809 692 844 753 ut
865 685 992 753 uidetur
1014 684 1179 769 sacerdos,
1202 684 1236 752 in
1259 684 1312 752 dei
1333 685 1433 752 hono·

280 811 348 858 rem
370 808 485 857 nomen
506 787 587 854 illud
609 786 675 854 filio
697 787 850 872 imposuit
870 785 988 871 (Rohd.
1003 789 1093 854 Rom.
1109 808 1139 873 p.
1157 789 1229 870 442,
1246 784 1279 870 3)
1292 785 1326 870 ¹).
1364 787 1433 854 Sed

281 892 385 978 quiuis
414 911 472 958 rex
499 890 570 976 pius
599 889 726 956 etiamsi
755 910 827 955 cum
849 889 1100 956 Branchidarum
1126 889 1255 956 oraculo
1277 907 1430 956 commer-

280 997 363 1082 cium
390 1013 454 1062 non
482 992 641 1074 habebat,
670 992 712 1057 ab
734 989 892 1075 Apollinis
923 989 1045 1056 amasio
1067 989 1125 1056 filii
1147 1011 1264 1058 nomen
1285 996 1432 1074 repetere

279 1101 418 1183 poterat;
449 1099 546 1177 atque
575 1091 683 1177 grauis
713 1097 881 1174 praeterea
909 1091 1051 1160 oboritur
1083 1092 1221 1178 suspicio
1248 1091 1430 1158 Branchum

279 1219 408 1281 nomen,
433 1194 520 1279 quod
540 1213 669 1280 prorsus
691 1193 851 1273 singulare
875 1198 923 1260 est
944 1194 978 1260 in
999 1193 1145 1278 homine,
1168 1213 1277 1260 uerum
1299 1192 1428 1262 omnino

279 1321 342 1368 non
360 1317 440 1381 esse,
463 1296 522 1364 sed
536 1295 643 1362 fiotum
659 1294 884 1378 subditumque
899 1315 920 1360 a
934 1301 1032 1379 poeta
1049 1299 1177 1378 Φοίβου
1192 1292 1381 1382 θεράποντι
1391 1295 1427 1378 ²),

278 1402 376 1468 immo
396 1398 594 1483 prooemium
615 1398 645 1480 Ι,
669 1397 701 1463 in
724 1417 786 1480 quo
801 1396 966 1464 Branchus
980 1396 1176 1481 nominatur,
1198 1417 1262 1464 non
1278 1399 1428 1483 scriptum

279 1522 351 1570 esse
378 1499 421 1566 ad
442 1498 619 1567 Alexandri
647 1498 734 1564 illius
761 1498 863 1566 lilium
889 1498 932 1563 ad
955 1517 1050 1584 quem
1072 1498 1224 1583 seriptum
1246 1503 1295 1566 est
1317 1519 1428 1583 prooe-

279 1604 378 1670 mium
398 1601 475 1687 11³).
520 1599 625 1680 Quare
652 1601 706 1667 uel
729 1599 942 1667 Gutsnhmidii
970 1600 1158 1668 coniecturis
1188 1601 1334 1683 quamuis
1357 1619 1427 1686 spe·

245 1719 253 1729 ·
279 1707 373 1774 αἰοείε
394 1703 491 1773 fidem
514 1703 633 1770 habere
654 1721 788 1784 nequeo.

363 1805 429 1875 Sed
457 1807 553 1892 paulo
576 1810 650 1890 post
671 1802 783 1886 (1870)
806 1821 908 1870 nouus
929 1809 1081 1887 patronus
1107 1804 1230 1870 exstitit
1251 1804 1426 1874 sententiae

278 1909 401 1978 Kelleri
416 1910 453 1973 R.
464 1905 741 1986 Maennelius,
758 1903 860 1985 quiin
875 1903 1036 1988 Philologi
1051 1905 1233 1972 uol.XXlX
1246 1927 1276 1990 p.
1290 1909 1348 1972 169
1356 1926 1425 1990 sqq.

278 2008 631 2078 commentatiunculam
650 2000 705 2072 ‘de
727 2006 838 2072 Babrii
862 1997 976 2073 aetate³
1001 2006 1187 2090 inscriptam
1209 2007 1330 2092 publici
1350 2007 1427 2076 iuris

277 2113 361 2178 lecit.
406 2110 438 2174 ls
466 2114 636 2192 postquam
664 2113 853 2191 argumenta
882 2108 925 2174 ab
946 2107 1020 2174 aliis
1043 2128 1083 2174 ex
1105 2109 1168 2174 fab.
1193 2111 1232 2174 85
1256 2115 1287 2175 et
1309 2113 1348 2174 57
1372 2109 1426 2177 de·

277 2216 426 2298 prompta
447 2209 584 2294 repetiit,
606 2228 691 2275 noua
713 2208 829 2274 elicere
851 2215 984 2276 conatus
1006 2215 1111 2276 estex
1126 2210 1245 2276 fabulis
1263 2214 1322 2275 105
1338 2215 1370 2277 et
1385 2214 1425 2278 68

278 2313 375 2380 simili
398 2312 520 2378 ratione
542 2309 720 2395 explicatis.
758 2309 899 2388 Quarum
921 2309 1007 2395 prior
1029 2311 1133 2392 qualis
1155 2311 1188 2385 iu
1211 2313 1240 2378 A
1261 2311 1391 2394 legitur:

472 2409 587 2488 Λύκος
609 2403 689 2476 ποτ’
716 2405 799 2498 δρας
821 2409 993 2498 πρόβατον
1016 2409 1050 2476 ἑκ
1071 2417 1175 2500 μέσης
1197 2419 1341 2501 ποίμνης

405 2511 551 2597 ἐκόμιζεν
574 2505 697 2578 οἴκαδ’·
721 2506 749 2599 ᾦ
772 2514 855 2579 λέων
878 2511 1083 2601 συναντήσας

404 2607 579 2682 ἆπέσπασ’
606 2607 704 2681 αύτό·
727 2617 783 2680 καὶ
806 2614 901 2692 λύκος
925 2617 1067 2692 σταθεὶς
1088 2614 1206 2704 πόρρω

400 2709 554 2794 ((ἇδίκιος
577 2709 718 2804 ἀφείλου
741 2719 807 2782 τῶν
830 2708 941 2800 ἐμῶν’
968 2714 1143 2804 ἐκεκράγει.

404 2819 487 2886 λύων
510 2818 546 2883 δὲ
567 2820 730 2906 τερφθεὶς
753 2813 829 2883 εἶπε
850 2816 908 2885 τὸν
931 2817 1027 2886 λύκον
1050 2819 1212 2886 σκώπτων

399 2915 477 2986 “ool
499 2918 561 3007 γὰρ
584 2919 721 2996 δικαίους
743 2914 809 2985 ύπδ
834 2921 943 3007 φίλων
965 2914 1158 3009 ἐδωρήδη”.

275 3139 317 3193 dis
334 3143 458 3207 repertus
478 3137 537 3195 e.1.
551 3138 673 3193 (11.1881
694 3133 853 3208 Μένανδρος
871 3133 1027 3209 προφήτης.
1038 3177 1061 3192 ..
1071 3135 1210 3207 βασιλεύει
1230 3155 1346 3214 quocum
1359 3157 1424 3198 con-

274 3223 351 3278 uenit
367 3222 439 3290 quod
455 3223 526 3278 idem
543 3237 592 3276 rex
610 3221 744 3292 Olbiopoli
762 3221 938 3292 (Miletopoli,
960 3223 1179 3293 Borysthenide),
1202 3223 1290 3296 Mileti
1308 3225 1422 3291 colonia,

275 3311 500 3364 commemoratur
518 3305 582 3361 c.1.
596 3306 642 3361 Gr.
661 3300 998 3379 1069Ἀριοτόυικον...ὁ
1015 3311 1061 3360 καὶ
1078 3307 1219 3376 βασιλεὺς,
1237 3313 1264 3362 et
1280 3314 1423 3377 praeterea

275 3391 365 3464 Oyzici
383 3396 465 3458 2157,
483 3391 622 3462 Mytilenis
641 3394 722 3457 2189,
746 3389 865 3460 Megaris
886 3397 959 3446 1051.
980 3398 1058 3462 105“ί;
1083 3393 1116 3449 de
1133 3399 1232 3448 natura
1248 3390 1423 3462 magistratus

274 3475 309 3533 cf.
323 3478 404 3532 etiam
420 3476 518 3531 Strabo
528 3476 594 3532 xlv
603 3492 630 3545 p.
641 3480 690 3532 632
700 3479 768 3532 extr.
787 3481 833 3528 καὶ
850 3478 892 3529 ἔτι
909 3478 961 3530 νύν
977 3478 1005 3532 οἱ
1021 3469 1050 3530 ἔκ
1067 3480 1116 3531 τοῦ
1129 3481 1223 3548 γε’νονε
1242 3477 1334 3544 (Codri
1351 3466 1423 3533 eius-

183 3603 186 3609 ·
273 3577 326 3633 que
340 3561 390 3617 filii
407 3560 548 3628 Annocli)
565 3555 748 3629 ὀνομάζονται
764 3559 898 3631 sacriste,
920 3559 1025 3628 ἔχοντες
1035 3601 1041 3614 .
1051 3601 1057 3616 .
1067 3603 1074 3618 .
1085 3559 1251 3636 προεδρίαν.
1262 3600 1268 3615 .
1278 3601 1285 3616 .
1294 3567 1340 3615 καὶ
1357 3581 1422 3634 περ·

274 3644 381 3718 φύραν.
393 3651 554 3700 ..σκίπωνα
571 3642 634 3699 ἄντί
652 3642 789 3719 σκήπτρου
800 3685 806 3699 .
816 3687 823 3700 .
834 3650 894 3700 ,καί
911 3646 946 3700 τὰ
963 3641 1180 3714 τῆεΈλευσινίαε
1198 3644 1337 3720 Δὴμητραε
1355 3643 1422 3718 ἱερά.

272 3731 349 3787 Ηεεα
366 3732 395 3786 ni
411 3731 493 3788 fallor
509 3731 630 3800 respexit
647 3729 865 3786 Schneidewinus
885 3730 975 3786 Goatt.
992 3733 1044 3800 gel.
1056 3733 1123 3788 Anz.
1140 3736 1205 3787 1815
1222 3733 1293 3801 Aug.
1312 3749 1339 3801 p.
1358 3737 1422 3787 1364

272 3813 372 3871 ‘Wenn
389 3833 442 3872 nur
459 3817 507 3873 der
523 3813 650 3886 βασιλεὺς
666 3816 821 3886 uberhaupt
837 3816 881 3871 ein
898 3817 987 3886 Konig
1002 3831 1125 3887 genesen
1142 3812 1201 3872 ist’.

361 3905 385 3968 1)
402 3899 537 3972 Lycophr.
547 3902 624 3957 Alex.
639 3905 702 3956 1379
719 3902 795 3970 uirgo
813 3899 921 3958 Milesia
938 3901 1019 3957 Gaira
1036 3908 1194 3975 Βραγχησίο
1215 3902 1378 3972 appellatur.

359 3991 385 4054 1)
403 3986 489 4042 Simili
505 3987 609 4044 ratione
633 3985 678 4056 qui
695 3986 833 4042 Chaereae
850 3991 878 4041 st
896 3985 1049 4042 Callirhoen
1070 3985 1190 4044 fabulam
1208 3986 1338 4042 creticam
1357 4001 1421 4042 con·

274 4071 384 4142 scripsit
401 4067 582 4128 ‘Chantonem
599 4067 845 4141 Aphrodisiensem’
866 4085 895 4126 ss
912 4071 1070 4141 nominauit,
1089 4071 1123 4128 of.
1137 4071 1225 4128 ltohd.
1235 4071 1314 4129 Rom.
1324 4087 1351 4142 p.
1361 4075 1420 4126 489.

359 4162 385 4224 3)
403 4156 458 4212 Suo
475 4157 537 4212 loco
554 4156 709 4212 accuratius
725 4155 779 4211 hoc
796 4171 856 4212 snm
874 4155 1055 4225 expositurus.
