3118 4870
248 397 310 459 23⁶2
728 399 792 454 Otto
811 400 922 456 drusius

248 573 341 656 cippo
363 572 534 656 sepulcrali
561 591 603 636 an
631 592 687 655 pro
717 571 886 637 simulacro
909 571 1061 638 Hermam
1091 573 1253 654 quendam
1282 574 1406 642 uendat

249 673 382 756 dubitat,
405 673 500 740 deum
523 673 676 758 conspicit
699 668 732 737 ἐν
754 669 879 748 πύλαις
900 664 1079 758 ὀνειρείαις

449 787 503 856 ‘ol
527 783 579 878 ol'
607 791 744 876 λέγοντα
764 782 867 872 (τάμὰ
890 793 946 855 νῦν
969 790 1169 879 ταλαντεύῃ·

456 882 472 907 >l

451 919 471 980 η
494 891 555 979 γάρ
578 916 620 974 με
642 888 754 978 νεκρὸν
777 881 797 978 ἢ
818 889 902 957 θεὸν
926 890 966 957 σὺ
990 886 1176 980 ποιήσειςῖ,

248 1017 346 1093 atque
368 1011 431 1077 fab.
452 1015 510 1074 119
533 1011 628 1078 homo
652 1011 703 1074 cui
724 1029 775 1076 res
796 1029 948 1094 prospere
970 1031 1035 1076 uon
1057 1011 1229 1078 succedunt
1246 1013 1401 1080 Hermam

248 1113 389 1195 ligneum
411 1103 620 1179 iratus'humi
642 1111 787 1194 discutit,
810 1117 842 1177 et
863 1111 918 1176 ubi
941 1133 981 1178 ex
1002 1111 1138 1178 discussi
1161 1115 1265 1198 capite
1289 1134 1403 1180 aurum

248 1214 382 1282 effluens
405 1214 495 1279 uidet
516 1213 625 1280 ridens
647 1213 737 1278 dicit:

959 1291 1101 1383 Ἑρμεία,

453 1397 567 1475 σκαιός
589 1404 640 1476 τίς
663 1395 737 1464 ἓσσι
757 1399 814 1462 καὶ
836 1397 986 1483 φίλοισιν
1010 1391 1180 1482 ἀγνώμων,

451 1497 489 1576 ὃς
511 1503 778 1587 προσκυνοῦντας
801 1490 896 1563 οὐδὲν
919 1491 1063 1586 ὠφέλεις
1085 1493 1180 1588 ἧμας,

452 1595 596 1687 ἀγαθοῖς
620 1601 655 1666 δὲ
677 1601 817 1676 πολλοῖς
840 1594 1041 1685 ὑβρίσαντας
1062 1594 1209 1688 ἠμείψω.

450 1701 509 1790 τὴν
533 1701 581 1779 εἰς
604 1702 641 1767 σὲ
663 1699 778 1788 καινὴν
801 1693 971 1784 εὐσέβειαν
995 1695 1053 1768 οὐκ
1074 1697 1166 1788 ᾔδειν
1179 1704 1212 1787 ¹).

248 1821 388 1887 Maxime
404 1827 511 1888 autem
526 1820 743 1888 memorabilis
759 1825 807 1884 est
822 1820 932 1886 fabula
948 1825 977 1903 2,
995 1821 1028 1885 in
1044 1841 1108 1903 qua
1122 1823 1263 1906 agricola
1277 1824 1400 1892 uicinos

249 1929 379 2007 propter
400 1923 518 1990 furtum
540 1922 583 1988 ad
604 1924 653 1987 ius
675 1919 843 1986 iurandum
865 1921 966 2005 adigit
989 1915 1126 2008 (ὅρκοι),
1149 1923 1208 1990 sed
1229 1931 1400 2008 postquam

248 2045 440 2108 praeconem
459 2023 583 2089 audiuit
604 2021 780 2105 praemium
803 2022 833 2086 ei
855 2023 1059 2106 pollicentem
1082 2025 1136 2106 qui
1157 2026 1331 2112 sacrilegos
1353 2029 1399 2092 in-

249 2125 410 2190 dicaturus
433 2125 474 2190 sit
768 2202 781 2212 .

752 2213 846 2273 εἶπεν
865 2203 925 2285 ίὡς
946 2207 1053 2295 μάτην
1075 2200 1159 2295 ἥκω·

452 2309 597 2384 κλέπτας
618 2306 679 2396 γὰρ
704 2303 824 2386 ἄλλους
846 2313 920 2386 πῶς
942 2305 959 2376 ὁ
983 2307 1067 2386 θεὸς
1089 2300 1129 2376 dv
1153 2308 1265 2398 εἰδείη,

450 2407 489 2486 ὂς
508 2407 586 2486 τοὺς
609 2407 727 2475 ἑαυτοῦ
750 2413 866 2498 φῶρας
888 2405 960 2492 cdxl
983 2409 1145 2496 γινώσκει,

454 2510 543 2600 ζητεῖ
564 2511 599 2576 dd
621 2515 751 2595 μισθοῦ
772 2511 816 2600 μή
839 2537 891 2589 τις
914 2509 1002 2578 older
1026 2505 1280 2602 ἆνθρώπωνίἳ)

248 2633 355 2714 Atque
371 2631 452 2697 sicut
467 2631 545 2696 deos
560 2632 707 2712 antiquos
723 2631 921 2716 contempsit,
937 2634 983 2698 ita
998 2634 1095 2699 etiam
1115 2633 1289 2718 imaginum
1305 2654 1398 2702 uene-

247 2733 418 2800 randarum
441 2753 560 2799 morem
584 2753 655 2798 cum
678 2732 804 2798 deridet
825 2732 1005 2800 fabularum
1023 2739 1063 2799 30
1080 2734 1112 2801 'et
1130 2738 1190 2798 119
1211 2743 1397 2818 argumento

247 2854 345 2920 supra
366 2833 521 2918 exposito,
544 2840 611 2900 tum
634 2835 794 2918 conceptis
816 2834 924 2902 uerbis
945 2835 1106 2920 uituperat
1127 2836 1191 2902 fab.
1208 2839 1258 2920 30,
1275 2841 1310 2902 4:

337 3041 361 3102 1)
379 3035 455 3089 Haec
472 3033 678 3088 narratiuncula
696 3034 774 3101 quasi
790 3035 905 3102 parodia
922 3039 963 3090 est
980 3034 1090 3090 tabulae
1110 3040 1157 3090 169
1173 3064 1206 3082 =
1219 3035 1254 3090 Η.
1272 3041 1334 3103 102,
1351 3038 1398 3091 ubi

248 3122 369 3190 agricola
386 3121 415 3174 in
433 3119 529 3174 arbore
546 3117 690 3172 infecunda
709 3132 789 3172 caesa
807 3120 859 3172 mel
876 3119 991 3174 inuenit:
1012 3119 1090 3175 ouius
1108 3119 1189 3176 elium
1209 3121 1324 3178 formam
1343 3121 1397 3176 Ba·

248 3207 361 3262 brianae
383 3205 469 3273 magis
493 3203 573 3258 etiam
594 3207 736 3270 cognatam
754 3202 851 3256 —ubi
873 3203 1017 3260 thesaurus
1040 3205 1112 3260 inest
1128 3206 1157 3259 in
1173 3206 1270 3261 arbore
1289 3236 1322 3246 -
1340 3221 1395 3261 ser·

248 3290 326 3346 uauit
348 3288 498 3344 Russorum
521 3286 651 3356 populus,
676 3285 711 3340 cf.
731 3285 898 3342 Aiunassieti
916 3288 990 3344 labb.
1006 3289 1039 3356 V,
1063 3294 1110 3356 52,
1138 3288 1303 3345 Gubernatis
1327 3291 1394 3346 zool.

249 3375 361 3457 mythpl.
370 3374 383 3427 I
392 3389 419 3442 p.
432 3378 489 3426 stt.
517 3371 641 3425 Ceterum
660 3374 687 3424 et
704 3369 764 3438 ipsa
775 3371 969 3440 imperatorum
986 3379 1076 3430 aetate
1087 3372 1191 3429 lactum
1203 3380 1244 3430 est
1256 3379 1288 3430 ut
1299 3376 1396 3444 uulgus

249 3477 309 3516 oum
332 3474 376 3514 res
398 3458 485 3512 minus
509 3469 638 3526 prospere
662 3455 806 3510 cessissent
824 3457 967 3514 simulacra
985 3459 1096 3514 deorum
1114 3457 1259 3526 castigaret
1277 3459 1396 3516 abiceret

248 3545 420 3612 diffringeret
440 3541 473 3596 ci.
491 3541 565 3596 Suet.
579 3541 662 3610 Oalig.
679 3547 702 3608 5,
721 3541 820 3596 Friedl.
836 3543 962 3598 Darstell.
977 3543 1018 3598 llI
1031 3561 1059 3613 p.
1075 3547 1133 3599 503.
1168 3541 1297 3599 Idoneam
1314 3545 1396 3614 igitur

249 3645 357 3686 causam
381 3643 436 3682 non
458 3626 546 3681 habeo
570 3642 620 3682 cur
638 3643 699 3682 cum
716 3625 827 3682 Benfeio
845 3627 974 3684 Pantsch.
990 3629 1003 3682 I
1018 3645 1046 3698 p.
1062 3633 1112 3683 418
1129 3630 1158 3683 et
1174 3627 1283 3684 Kellero
1301 3646 1328 3698 p.
1347 3633 1394 3683 345

246 3715 372 3770 fabellam
390 3712 553 3767 Bebrianam
570 3727 604 3766 ex
620 3711 716 3766 Indica
733 3711 849 3780 quadam
866 3715 945 3782 longe
963 3713 1070 3768 diuersa
1088 3713 1226 3768 deducam.

333 3802 360 3864 2)
377 3797 453 3852 Haec
477 3797 583 3866 quidem
608 3797 687 3851 etiam
710 3796 894 3852 Alexandrina
916 3803 1006 3854 aetate
1030 3799 1147 3854 omnium
1171 3798 1199 3852 in
1221 3796 1395 3866 religionibus

246 3883 385 3940 liberrima
402 3913 435 3921 -
452 3882 578 3936 liberiore
596 3882 700 3938 scilicet
717 3882 809 3951 primis
827 3899 853 3951 p.
867 3883 929 3937 Chr.
942 3901 968 3938 n.
987 3883 1103 3938 saeculis
1121 3912 1155 3922 -
1172 3881 1257 3936 scribi
1274 3883 1395 3951 potuisse

248 3969 313 4036 scio,
332 3968 381 4024 sed
399 3983 459 4021 cum
479 3967 516 4021 eis
535 3981 603 4034 quae
621 3974 771 4035 sequuntur
789 3968 932 4022 coniuncte
946 3968 1105 4037 scriptorem
1123 3965 1338 4022 recentissimum
1353 3967 1393 4022 in·

247 4053 347 4108 dicant.
383 4052 465 4106 quat
489 4052 570 4106 etiam
595 4069 656 4108 cum
677 4053 731 4108 fab.
751 4057 766 4106 2
790 4067 953 4122 componere
977 4051 1074 4108 similia
1097 4053 1257 4120 arguments
1280 4052 1315 4107 ab
1335 4051 1394 4107 eliis

247 4139 327 4206 longe
344 4137 423 4192 aliter
440 4142 567 4202 tractata,
586 4138 620 4193 cf.
631 4139 664 4192 H.
676 4143 716 4192 55.
728 4141 785 4192 301.
796 4141 846 4192 354
862 4136 908 4192 all.
