3118 4870
269 406 330 466 210
526 439 529 445 ,
747 403 811 458 Otto
831 401 942 459 drusius

268 578 344 645 dum
363 576 543 645 necessaria
565 581 656 644 erant
677 575 873 643 exciderant.
909 574 1070 656 Integram
1092 572 1308 639 narrationem
1328 571 1421 638 inda-

267 699 345 762 gare
366 678 445 744 mihi
466 697 529 744 non
552 678 684 762 contigit
694 677 727 760 ¹).
1372 771 1374 774 ι

352 779 432 846 Fab.
449 783 489 844 58
512 777 588 846 ficta
610 786 658 845 est
680 800 721 846 ex
742 777 941 844 nobilissimo
957 774 1124 842 Pandorae
1147 776 1268 860 mytho,
1292 775 1333 841 de
1356 793 1420 856 quo

171 917 175 926 ·
267 880 412 966 pluribus
428 881 576 966 exposuit
591 880 741 946 Weloker
756 878 888 944 Gdtterl.
904 879 920 942 I
941 899 972 962 p.
989 882 1006 941 7
1011 880 1157 942 57-770
1176 882 1209 944 et
1224 895 1297 961 app.
1313 875 1420 958 trilog.

267 1004 299 1067 p.
323 985 383 1046 344
407 979 463 1064 (de
487 979 654 1066 Sophoclis
675 979 825 1046 Pandora
847 985 880 1046 et
900 977 1205 1064 mythographorum
1233 977 1422 1044 narrationi-

268 1082 353 1165 bus).
398 1081 464 1149 Sed
486 1103 507 1148 a
528 1081 662 1166 pristina
684 1080 751 1146 eius
773 1081 877 1147 forma
899 1079 1043 1162 (Hesiod.
1067 1101 1118 1164 op.
1138 1087 1170 1146 et
1185 1079 1216 1145 d.
1231 1100 1260 1145 u.
1277 1083 1319 1144 70
1334 1077 1420 1161 sqq.)

270 1203 365 1266 quam
388 1182 527 1249 maxime
549 1181 641 1248 abest
656 1181 826 1248 Babriana.
861 1181 1011 1248 Pandora
1032 1183 1118 1248 enim
1140 1179 1266 1248 omnino
1289 1201 1353 1247 non
1373 1179 1421 1244 in-

269 1285 402 1367 ducitur,
425 1283 484 1349 sed
504 1284 574 1369 ipse

353 1387 355 1391 ’
421 1382 506 1460 Ζεὺς
528 1382 562 1450 ἒν
585 1387 683 1469 πίθῳ
706 1382 747 1448 τὰ
767 1382 894 1472 χρηστὰ
917 1381 1029 1448 πάντα
1052 1381 1210 1460 συλλέξας

422 1484 542 1574 ’έθηκεν
566 1477 665 1551 αὐτὸν
688 1483 855 1568 πωμάσας
878 1477 962 1572 παρ’
980 1476 1180 1577 ἀνθρώπῳ·

421 1582 437 1652 ὁ
463 1581 495 1652 d'
523 1581 668 1675 ἀκρατὴς
691 1581 876 1671 ἅνθρωπος
899 1585 1022 1652 εἰδέναι
1046 1584 1200 1652 σπεύδων

420 1695 455 1755 τί
477 1682 555 1755 ποτ’
582 1675 621 1777 ἦν
644 1687 678 1753 ἐν
702 1681 791 1772 αὐτῷ
813 1689 869 1752 καὶ
890 1685 927 1752 τὸ
951 1691 1055 1771 πῶμα
1080 1687 1217 1775 κινήσας

422 1784 508 1878 dapa'
536 1783 701 1855 ἀπελθεῖν
725 1780 809 1852 αὐτὰ
832 1787 917 1876 πρὸς
939 1793 1031 1855 θεῶν
1054 1788 1165 1866 οἴκους
1186 1789 1253 1854 κτλ.

268 1896 319 1960 Ita
333 1893 523 1975 grauissima
539 1901 570 1958 et
589 1890 804 1976 pulcherrima
826 1891 928 1976 mythi
949 1897 1040 1976 parte
1063 1891 1171 1959 deleta
1181 1891 1206 1974 ²)
1230 1890 1334 1957 siccus
1357 1889 1420 1954 etri·

270 1997 350 2061 citur
373 2001 403 2060 et
426 1993 520 2062 exilis
541 1993 706 2076 apologus.
744 1988 865 2056 Summi
888 1999 995 2060 autem
1017 1993 1168 2080 momenti
1191 1997 1240 2058 est
1258 1992 1345 2074 quod
1359 1991 1419 2058 Ba·

269 2095 357 2160 brius
379 2095 413 2160 in
436 2114 513 2160 uase
534 2093 590 2159 illo
614 2093 718 2159 bona
740 2094 847 2160 omnia
868 2094 1000 2161 infuisse
1021 2101 1140 2176 narrat,
1168 2113 1250 2176 quae
1272 2093 1419 2177 operculo

269 2201 376 2262 amoto
405 2194 543 2260 abierint
575 2190 662 2280 πρὸς
689 2197 780 2260 θεῶν
810 2193 929 2272 οἴκους.
981 2195 1076 2280 Apud
1104 2201 1202 2262 testes
1232 2194 1421 2261 uetustiores

272 2315 381 2362 omnes
403 2296 508 2362 mala
529 2295 637 2362 insunt
651 2295 725 2362 inde
742 2295 783 2362 ab
807 2315 844 2363 eo
868 2301 1010 2381 tempore
1031 2297 1113 2363 inter
1134 2296 1280 2364 homines
1302 2313 1421 2376 uagan-

270 2397 333 2482 tia‚
357 2405 453 2479 atque
475 2418 556 2464 nnus
578 2397 783 2463 Macedonius
805 2399 915 2464 consul
937 2396 1033 2482 (saec.
1051 2396 1091 2481 V)
1114 2397 1209 2463 Anth.
1231 2397 1301 2464 Pal.
1324 2399 1364 2482 X,
1381 2401 1420 2460 'll

269 2500 351 2566 haec
374 2497 473 2564 habet
493 2499 664 2564 Babrianis
686 2499 851 2565 simillima
861 2499 901 2582 ³):
1115 2514 1118 2516 ·

353 2598 539 2688 Πανδώρης
561 2594 669 2686 ὁρόων
690 2599 795 2686 γελόω
819 2604 927 2666 πίθον
950 2591 1026 2664 οὐδὲ
1048 2611 1185 2684 γυναῖκα

420 2705 606 2789 μέμφομαι,
631 2693 703 2766 ἀλλ’
731 2694 838 2766 αὐτῶν
860 2699 903 2766 τὰ
926 2698 1033 2788 πτερὰ
1055 2702 1109 2765 cui
1117 2725 1134 2765 ν
1152 2693 1191 2764 Ἀ
1196 2703 1314 2786 pudo]
1322 2726 1349 2765 ν.

269 2869 358 2934 soluti,
377 2875 405 2924 et
422 2884 517 2930 sermo,
536 2884 558 2922 e.
575 2883 600 2935 g.
619 2865 653 2934 νὴ
670 2865 721 2920 τὸν
738 2869 832 2932 Πᾶνα,
857 2868 892 2922 cf.
909 2873 933 2935 3,
948 2874 963 2922 'l
980 2873 1032 2936 (23,
1045 2872 1072 2932 4)
1090 2873 1117 2922 et
1134 2870 1202 2938 φησῖ
1219 2864 1368 2940 ζωγρῆσω,
1387 2867 1423 2922 cf.

270 2957 370 3022 10216
389 2949 593 3026 ἀντῖζωγρήσας
610 2958 764 3020 <utrumque
781 2953 809 3006 in
826 2951 898 3016 fine).

358 3042 382 3104 t)
399 3038 432 3092 Iu
453 3038 561 3092 fabulae
582 3037 669 3092 forma
692 3036 807 3104 pristina
825 3035 918 3090 dubito
940 3051 976 3090 an
994 3037 1088 3105 uolpes
1106 3038 1198 3094 nescio
1218 3055 1271 3108 quo
1289 3040 1369 3096 modo
1388 3070 1422 3079 -—

268 3122 335 3190 ipsis
353 3122 471 3176 fortasse
490 3120 576 3193 λόγοις
593 3117 747 3187 ἀληθινοῖς,
771 3120 842 3175 sicut
860 3120 918 3176 auis
941 3122 969 3174 in
989 3121 1084 3176 fabula
1102 3138 1186 3191 supra
1204 3127 1421 3190 commemorata,

269 3205 344 3260 miles
367 3205 497 3273 fugitiuus
520 3207 549 3260 in
572 3204 775 3258 narratiuncula
799 3205 932 3259 simillima
950 3205 1034 3260 Gesta
1052 3206 1131 3261 Rom.
1151 3213 1196 3272 58,
1221 3209 1305 3263 Artus
1327 3223 1376 3261 rex
1393 3207 1423 3262 in

269 3289 369 3344 fabella
387 3290 549 3344 Gambricna
566 3290 678 3355 Robert,
697 3291 802 3345 Cambr.
818 3290 980 3360 populant.
999 3307 1025 3358 p.
1043 3295 1084 3355 94,
1103 3291 1212 3358 Grimm,
1231 3292 1364 3346 Marchen
1380 3291 1423 3344 III

268 3391 295 3444 p.
307 3379 355 3430 373
371 3375 412 3428 ed.
423 3379 438 3428 2
451 3404 483 3416 -
495 3375 553 3443 lupi
571 3375 705 3443 unguibus
723 3376 817 3444 elapsa
834 3375 870 3428 sit
888 3375 969 3440 (sicut
985 3371 1079 3429 asinus
1091 3374 1110 3429 f.
1128 3381 1183 3441 122,
1201 3377 1304 3430 haedus
1316 3375 1351 3429 H.
1367 3379 1423 3442 134,

268 3459 319 3514 bos
331 3459 409 3514 Rom.
422 3475 484 3527 app.
497 3463 536 3524 19,
556 3473 638 3528 capra
653 3460 691 3514 ib.
707 3464 763 3524 56):
783 3458 879 3514 deinde
897 3475 912 3512 e
929 3462 990 3514 tuto
1007 3459 1068 3513 loco
1082 3461 1280 3515 exsecrationes
1292 3461 1360 3514 istas
1372 3459 1422 3514 ad·

269 3543 332 3598 dere
349 3548 465 3612 poterat,
485 3542 557 3598 sicut
573 3537 610 3597 ‘in
628 3543 700 3598 sicco
719 3539 897 3598 constitutns'
917 3543 1007 3612 lupus,
1025 3538 1082 3612 ‘per
1104 3559 1194 3598 aerem
1211 3541 1342 3600 uolitans'
1362 3543 1423 3598 aruis

268 3627 423 3682 fabularum
442 3642 525 3696 supra
543 3627 738 3696 exscriptorum
756 3628 877 3682 homines
896 3627 1025 3696 deceptos
1043 3627 1148 3682 ludunt.
1186 3629 1238 3683 Sed
1255 3624 1423 3697 ‘ignoramus

269 3708 528 3781 ignorabimusque’‚
546 3712 599 3767 nisi
615 3712 709 3766 fabula
726 3713 859 3767 uetustior
876 3713 1037 3767 inuenietur.

356 3801 381 3862 2)
400 3796 568 3851 Obturbatus
586 3796 694 3852 uidetur
710 3795 848 3850 fabulator
865 3795 976 3852 Homeri
993 3797 1117 3852 uersibus
1135 3796 1271 3850 1442528
1288 3812 1356 3866 sqq„
1374 3797 1424 3854 ubi

269 3880 393 3949 Iuppiter
409 3881 562 3936 hominibus
586 3897 620 3936 ex
643 3881 721 3937 doliis
746 3880 851 3935 duobus
874 3880 948 3934 bona
971 3885 998 3934 et
1015 3881 1087 3935 mala
1105 3880 1243 3936 distribuit
1260 3879 1305 3948 (ct.
1324 3881 1423 3946 Lehrs,

271 3965 364 4033 popul.
374 3965 451 4020 Aufs.
462 3983 488 4034 p.
498 3971 530 4020 43
549 3969 577 4020 et
593 3965 694 4024 Friedl.
705 3964 833 4020 Darstell.
843 3963 883 4017 ΙΙΙ
896 3981 922 4032 p.
933 3967 1001 4030 654).

356 4055 381 4114 3)
400 4049 603 4104 Memorabilem
620 4049 693 4106 hunc
705 4051 793 4104 locum
806 4063 861 4103 non
872 4053 1052 4117 respexerunt
1064 4048 1194 4103 Welclrer
1206 4048 1320 4104 Gotterl.
1333 4065 1359 4118 p.
1371 4054 1424 4104 758

269 4132 358 4188 admi
378 4137 403 4188 et
421 4133 516 4188 Flach.
535 4133 651 4195 adHes.
662 4150 743 4203 opu.
755 4137 788 4187 94
806 4132 900 4186 Babrii
917 4132 1003 4201 ipsius
1022 4147 1162 4189 memores.
