3118 4870
586 417 618 472 de
636 418 729 473 Babrii
746 421 845 476 000000.
934 389 937 394 ⁵
1230 420 1288 481 221

143 587 218 653 dam
243 607 316 655 curn
338 591 467 672 euocat;
490 587 548 654 sed
570 587 683 671 anguis
706 597 817 656 cautus
839 589 935 656 tidem
952 610 1128 676 pacemque
1143 611 1214 660 esse
1229 616 1292 662 non

142 708 238 776 posse
262 687 354 772 dicit,
378 689 453 755 dum
477 690 604 756 bustum
626 689 685 755 filii
707 690 777 775 ille,
800 692 870 777 ipse
893 711 1006 759 saxum
1028 694 1150 758 laesum
1172 694 1290 762 uideat.

142 791 246 856 Exilis
269 797 318 856 est
340 791 480 858 narratio
503 810 607 873 neque
631 813 685 858 cur
707 795 849 874 agricola
870 793 902 858 in
925 793 1038 875 anguis
1053 793 1226 860 amicitiam
1243 817 1290 861 00-
1313 775 1317 783 ’

143 892 211 958 dire
233 891 313 958 uelit
334 891 416 958 bene
438 893 634 975 intellegitur
648 893 785 980 (Benfey
799 895 948 960 Pantsch.
964 895 979 957 Ι
997 915 1027 978 p.
1045 894 1130 978 3611),
1153 897 1214 962 nisi
1229 897 1245 962 f
1278 938 1289 948 -

141 999 227 1060 tasse
255 993 288 1058 in
316 992 378 1059 hac
407 993 536 1074 quidem
563 993 693 1062 fabulae
719 997 822 1062 forma
852 995 893 1062 de
920 995 994 1062 dolo
1018 1001 1050 1060 00
1071 996 1157 1061 mala
1178 997 1290 1066 fraude

141 1094 346 1178 cogitandum
369 1099 427 1160 est.
471 1095 540 1160 Iam
564 1097 708 1162 conferas
732 1097 820 1162 Rom.
838 1097 879 1181 11,
900 1101 933 1160 11
954 1127 993 1147 =--
1009 1097 1145 1164 Phaedr.
1168 1099 1289 1166 Dressl.
1347 1133 1352 1140 ,

140 1217 214 1282 app.
230 1196 287 1278 III,
304 1198 360 1260 29:
378 1189 434 1260 ‘In
457 1195 551 1263 domo
575 1195 740 1262 cuiusdam
762 1197 910 1282 pauperis
936 1197 1045 1263 uenire
1068 1218 1194 1283 semper
1216 1220 1288 1268 oon-

140 1304 290 1363 sueuerat
311 1315 443 1380 serpens
466 1297 508 1362 ad
531 1317 675 1364 mensam
697 1298 765 1362 eius
788 1297 916 1366 atinde
938 1298 1107 1365 fouebatur
1129 1321 1169 1366 00
1189 1303 1289 1370 micis.

139 1401 212 1466 Non
234 1400 331 1482 longo
353 1403 425 1484 post
446 1405 589 1484 tempore
611 1397 719 1482 <diues
738 1399 869 1465 effectus
886 1405 934 1465 000
948 1421 1078 1484 pauper.
1115 1402 1287 1488 Dehinc>¹)

139 1501 247 1584 coepit
270 1497 413 1585 [pauper]
436 1499 531 1566 irasci
553 1501 702 1585 serpenti,
727 1519 821 1582 quern
842 1501 944 1566 securi
963 1502 1150 1569 uulnerauit.
1188 1505 1287 1572 Inter-

138 1602 244 1688 posito
268 1609 411 1684 tempore
433 1601 488 1667 illc
510 1599 552 1666 ad
575 1607 750 1686 egestatem
769 1600 872 1666 rediit.
910 1601 952 1665 At
967 1601 1021 1666 ubi
1038 1603 1204 1686 intellexit,
1227 1609 1287 1672 for-

138 1709 216 1770 tuna
238 1704 394 1788 serpentis
416 1701 478 1766 hoc
500 1701 656 1768 accidisse
680 1699 724 1786 [et
746 1722 844 1768 causa
864 1701 950 1767 illius
967 1700 1098 1767 diuitem
1115 1703 1286 1772 110010000-

139 1826 235 1889 quam
264 1806 306 1871 ab
334 1805 390 1870 illo
418 1796 622 1890 laceraretur]
650 1804 738 1870 uenit
760 1802 934 1886 deprecans
956 1809 991 1868 ut
1012 1803 1192 1884 ignosceret
1214 1827 1286 1890 pec·

138 1907 233 1974 canti.
271 1906 389 1974 Contra
410 1909 457 1974 sic
478 1926 610 1992 serpens
632 1905 677 1970 ait
701 1956 707 1970 .
733 1895 785 1970 .².
824 1905 862 1970 ln
885 1903 947 1970 hac
960 1905 1071 1970 fabula
1086 1907 1208 1990 anguis,
1232 1909 1287 1988 qui

138 2008 227 2091 apud
241 2009 393 2076 Babrium
415 2009 495 2076 nihil
520 2015 569 2076 001
589 2007 650 2072 0101
672 2006 801 2091 animal,
824 2027 882 2091 pro
909 2006 1065 2073 daemone
1088 2006 1224 2074 habetur
1246 2029 1287 2074 00

136 2109 300 2178 nobilibus
322 2119 465 2180 ueterum
488 2109 695 2194 religionibus
705 2110 742 2190 ²),
766 2107 1012 2191 uniuersumque
1036 2107 1104 2172 eius
1119 2127 1285 2192 argumen·

136 2217 205 2276 tum
228 2215 374 2294 quamuis
397 2215 513 2280 misere
534 2210 685 2278 traditum
707 2208 836 2276 uberius
852 2215 901 2275 est
917 2215 948 2274 00
963 2207 1164 2274 concinnius:
1188 2229 1286 2292 quare

137 2311 214 2394 quin
236 2315 390 2380 uetustior
412 2315 454 2380 sit
477 2319 508 2380 et
529 2314 634 2380 uerior
656 2310 796 2375 dubitari
814 2310 932 2391 nequit.
971 2308 1036 2375 Sed
1050 2311 1147 2393 plane
1162 2310 1287 2396 integra

136 2435 179 2480 ne
202 2413 284 2480 haec
306 2415 435 2494 quidem
459 2419 507 2480 est
529 2417 640 2493 forma,
663 2430 736 2475 nam
754 2412 871 2474 frustra
886 2429 1015 2475 curnam
1033 2411 1189 2476 irascatur
1203 2413 1285 2494 agri·

136 2515 210 2580 cola
232 2514 371 2598 serpenti
394 2513 585 2596 quaerimus.
624 2509 886 2594 Supplementnm
902 2516 1046 2592 repetere
1060 2529 1229 2592 possumus
1244 2533 1285 2580 00

134 2614 405 2681 Pantschatantra
424 2616 516 2698 111,5
539 2611 707 2696 (001110.
725 2608 801 2694 244)
825 2614 857 2674 00
878 2628 919 2673 00
942 2608 1049 2674 Gestis
1071 2610 1285 2679 Romanorum

137 2722 216 2801 141,
246 2715 301 2782 ubi
329 2723 384 2782 aut
411 2716 506 2782 bomo
537 2711 654 2797 ((1000.)
677 2718 733 2778 000
754 2709 892 2778 hominis
913 2708 998 2775 filius
1020 2706 1198 2790 (Pantsch.)
1221 2730 1283 2778 ser-

135 2824 263 2902 pentem
291 2817 515 2884 interfecturus
543 2821 606 2899 est,
635 2821 670 2880 ut
698 2832 808 2881 omnes
831 2811 900 2879 0100
922 2809 1052 2878 diuitias
1073 2808 1107 2874 in
1131 2809 1229 2876 cubili
1251 2819 1286 2876 ut

135 2924 228 3003 putat
250 2913 378 2984 abditas
400 2918 494 2985 simul
519 2919 642 2984 auferat
653 2913 688 3002 3).

224 3139 248 3200 1)
266 3135 358 3190 Verba
374 3129 467 3190 ‘diues'
480 3174 486 3188 .
500 3175 505 3186 .
520 3128 657 3188 .‘Dehinc’
678 3147 712 3186 ex
728 3130 853 3186 Parisino
872 3129 893 3184 O
910 3127 1019 3184 inserui.

223 3223 249 3286 2)
268 3219 309 3274 (ll.
324 3219 431 3274 Welck.
452 3217 580 3274 Goetterl.
595 3217 609 3270 I
623 3234 650 3286 p.
667 3222 699 3272 65
716 3231 773 3284 sqq.
788 3215 838 3282 al.,
862 3213 954 3268 Herm.
973 3211 1226 3281 antiquitt.11,20,
1244 3217 1285 3278 12,

137 3303 229 3373 Tylor,
243 3303 307 3358 Ans.
325 3303 350 3358 d.
366 3303 436 3357 0010.
450 3302 555 3370 11240,
573 3301 701 3367 Schmidt,
715 3298 881 3354 Volksleben
895 3315 921 3368 p.
933 3301 981 3352 185
992 3313 1049 3366 sqq.
1084 3295 1224 3350 Sollemnis
1243 3301 1285 3349 000

136 3388 231 3456 anguis
255 3388 284 3442 in
308 3389 408 3458 epulis,
431 3402 499 3457 quas
518 3386 615 3440 Graeci
638 3388 745 3440 ueteres
768 3383 797 3436 in
816 3382 902 3452 cippis
921 3379 1117 3450 sepulcralibus
1134 3379 1284 3446 exprimere

136 3474 268 3540 solebant,
284 3473 319 3528 cl.
330 3473 431 3528 Friedl.
445 3471 479 3526 (10
493 3487 536 3540 00.
548 3470 637 3538 anagl
650 3487 677 3539 p.
689 3472 720 3524 39
731 3484 804 3537 sqq,
822 3465 999 3534 Pervanoglu,
1018 3462 1177 3520 Grabsteine
1195 3478 1221 3530 0.
1241 3467 1283 3527 lo,

139 3562 177 3614 12.
200 3561 237 3612 13.
266 3557 308 3612 De
326 3556 456 3612 similibus
474 3555 605 3610 Italorum
623 3553 796 3622 religionibus
814 3552 902 3618 (Seru.
914 3551 949 3604 ad
958 3551 1026 3604 Aen.
1036 3549 1069 3612 V,
1079 3551 1122 3613 95)
1133 3545 1197 3600 uide
1208 3545 1283 3600 Hen-

136 3658 231 3697 000000
248 3642 318 3696 Anu.
333 3642 394 3696 dell'
404 3641 532 3694 Institnto
548 3644 610 3694 1812
624 3643 652 3694 00
663 3629 998 3706 Helbigium‘Wandgem.‘
1010 3647 1037 3700 p.
1053 3636 1083 3685 10
1093 3647 1133 3698 sq.
1155 3628 1284 3701 Ἄλευρον

135 3721 211 3797 ὕδωρ
233 3732 278 3779 καὶ
295 3725 355 3795 μέλι
374 3741 452 3781 sacro
471 3725 566 3780 similia
583 3753 617 3762 —
634 3738 684 3792 pro
703 3721 802 3791 quibus
819 3717 904 3792 ἄρτον
920 3721 966 3769 καὶ
984 3710 1181 3768 10000οι00
1199 3715 1283 3770 habet

137 3841 168 3850 —
186 3811 219 3865 F.
239 3815 286 3865 105
304 3811 386 3880 angui
403 3809 493 3865 offerri
511 3809 563 3874 (lac
586 3809 615 3862 in
633 3806 760 3860 Pantsch.
779 3809 806 3858 00
825 3804 898 3857 (1000.
914 3801 991 3854 Rom.
1011 3801 1069 3862 141)
1088 3802 1161 3854 00000
1178 3800 1284 3854 monuit

136 3895 255 3951 Zuendel
273 3895 344 3950 Mus.
363 3895 451 3949 Rhen.
460 3895 493 3958 V,
508 3899 559 3948 442
578 3893 677 3959 (Herm.
693 3889 828 3956 antiquitt.
845 3885 884 3952 II,
901 3890 948 3950 20,
966 3887 1022 3948 18),
1044 3881 1091 3935 sed
1110 3895 1142 3935 ex
1160 3897 1191 3937 eo
1209 3884 1282 3952 quod

136 3973 231 4049 anguis
250 3980 364 4035 daemon
382 3984 430 4040 est,
449 3977 644 4048 Aegyptiacam
660 3973 780 4028 fabulam
798 3985 859 4025 0000
875 3968 949 4023 00110
967 3967 1026 4021 1000
1044 3965 1184 4019 000010010.

221 4069 247 4129 3)
265 4064 398 4119 Fabulam
416 4076 449 4115 ex
465 4061 544 4116 India
561 4061 589 4113 in
607 4058 749 4113 Graeciam
766 4053 926 4108 translatam
948 4065 1006 4106 esse
1023 4048 1151 4104 Benleius
1169 4056 1280 4106 conten-

136 4148 176 4202 ‹lit
187 4148 375 4216 Pantsch.1p.
386 4150 435 4200 360
453 4145 617 4200 assentiente
630 4141 738 4196 Kellero
756 4156 783 4209 p.
794 4141 852 4204 348,
870 4136 1006 4192 mutilatas
1024 4134 1095 4188 enim
1107 4148 1167 4189 0000
1177 4133 1280 4190 formas

186 4243 302 4294 1001001000
314 4241 415 4284 Studien.
441 4237 469 4278 11.
1048 4241 1078 4290 15
