3138 4872
588 421 622 476 de
639 421 733 478 Babrii
749 427 846 478 aetate.
1226 423 1284 484 155

135 612 247 660 ansam
278 590 308 658 ei
338 567 381 658 ad
403 589 584 677 opinionem
606 613 697 661 snam
718 593 908 661 firmandam
933 616 996 664 non
1018 595 1175 682 praebuit.
1221 595 1285 663 Sed

134 694 308 760 Vaticanus
330 693 358 758 F
381 695 442 758 362
465 713 523 778 pro
546 713 639 762 uersu
662 699 681 758 4
705 694 786 762 haec
808 695 954 763 exhibet:

284 793 340 859 ἵνα
361 797 404 874 τί,
429 787 520 875 ἶν’νοιξ,
544 791 580 872 ἐξ
599 793 680 878 ἐμοῦ
701 798 799 861 τοῦτο
821 782 923 883 ripae,-

284 897 359 972 πῶς
382 894 418 960 δὲ
442 888 479 960 οὗ
501 909 612 984 κηροῖς
633 895 710 974 τοὺς
731 895 881 980 θεσμοὺς
902 896 981 976 τοὺς
1004 892 1160 986 ἀρχαίους

283 999 344 1062 τοῦΙ
366 992 410 1083 μὴ
433 1010 604 1084 τυραννεῖν
623 1001 710 1084 χειρὶ
733 998 945 1088 ὄννανιονάτῃ

285 1091 369 1164 ἀλλὰ
392 1097 538 1165 πάντοτε
560 1097 698 1168 ἐκδικεῖν
719 1113 791 1178 τοῖς
814 1093 967 1189 ἀπόροις.

86 1193 87 1196 ’
134 1201 225 1281 Quae
248 1221 319 1268 cum
332 1196 523 1268 ‘Graeculus
545 1201 602 1270 ille
623 1195 768 1271 insulsus'
796 1204 850 1288 qui
871 1205 1017 1272 uersibus
1038 1206 1177 1292 politicis
1195 1206 1284 1274 fabu-

132 1305 199 1370 lam
221 1303 384 1386 repetierit
406 1301 447 1370 de
469 1323 526 1370 suo
549 1303 678 1372 adicere
699 1326 762 1373 non
783 1306 931 1390 potuerit,
954 1309 1072 1374 Babrio
1095 1307 1157 1392 ipsi
1179 1307 1282 1374 uindi-
1385 1391 1388 1396 Ι

133 1404 239 1472 canda
267 1422 337 1471 esse
365 1404 522 1490 opinatur.
571 1405 688 1472 Verbis
715 1406 812 1491 igitur
840 1409 914 1484 πῶς
944 1406 979 1473 δὲ
1009 1401 1047 1474 οὐ
1076 1421 1186 1496 κηροῖς
1215 1409 1283 1474 κτλ.

132 1512 262 1592 poetam
292 1523 401 1590 regem
432 1505 591 1588 quendam
619 1505 776 1590 perfidum
806 1511 838 1574 et
860 1509 1020 1576 crudelem
1043 1509 1283 1594 significaram,

132 1608 283 1690 antiquas
304 1607 394 1693 leges
415 1627 478 1674 non
500 1611 697 1675 seruantem:
728 1627 827 1690 quare
854 1611 913 1675 sub
935 1629 1073 1693 persona
1094 1613 1195 1680 leonis
1217 1613 1284 1696 peti

131 1711 276 1778 Arabum
299 1707 422 1793 ducem,
447 1709 501 1794 qni
515 1709 736 1776 Alexandrum
751 1711 866 1776 Balam
887 1711 1065 1796 supplicem
1082 1717 1114 1777 et
1132 1713 1284 1778 inermem

130 1810 336 1879 interfecerit.
380 1810 447 1878 Sed
475 1812 556 1878 baec
584 1811 724 1896 suspicio
748 1811 980 1894 qualiscunque
1002 1817 1051 1878 est
1076 1813 1283 1880 fundamento

131 1914 244 1981 nititur
271 1913 365 1979 nimis
395 1931 491 1994 quam
520 1913 651 1980 lubrico.
697 1915 781 1980 Nam
810 1920 844 1980 ut
873 1915 943 2000 ipse
969 1915 1167 1982 Maennelius
1198 1915 1282 1999 dicit,

130 2017 234 2083 uerba
247 2015 310 2082 ista
325 2013 445 2082 codicis
455 2014 603 2081 Vaticani
618 2021 674 2082 aut
687 2015 720 2080 in
732 2016 761 2080 A
775 2021 849 2099 post
861 2035 891 2095 n.
904 2020 922 2079 4
938 2015 1180 2083 interciderunt:
1197 2015 1282 2098 qnod

132 2137 327 2200 quamquam
348 2115 477 2201 saepius
497 2115 617 2183 factum
640 2122 698 2200 est,
721 2121 807 2184 certe
828 2138 892 2184 non
913 2116 1032 2184 factum
1055 2123 1104 2183 est
1127 2118 1282 2202 hocloco,

130 2240 207 2286 nam
229 2218 355 2286 insertis
377 2217 442 2282 illis
465 2213 620 2306 ἐδωρήθη
644 2239 674 2284 n.
695 2223 714 2284 6
735 2239 798 2286 non
820 2219 919 2286 habet
941 2238 1003 2301 qno
1029 2219 1199 2302 referatur;
1228 2225 1284 2286 aut

130 2318 225 2386 -id
248 2319 332 2402 quod
354 2318 423 2386 ueri
445 2318 642 2385 simillimum
666 2320 696 2386 ei
709 2319 837 2386 uidetur
855 2357 895 2368 —
910 2320 1048 2388 Babrius
1064 2326 1136 2406 port
1151 2321 1283 2388 breuem

129 2423 222 2489 illam
245 2439 340 2502 quam
363 2438 446 2484 nunc
467 2419 623 2486 babemus
645 2420 825 2486 uberiorem
841 2422 983 2489 eiusdem
999 2423 1178 2508 argumenti
1192 2422 1283 2488 fabu-

127 2527 198 2592 lam
221 2520 337 2588 edidit:
359 2523 394 2584 at
415 2517 595 2586 fabularum
618 2518 751 2603 abipso
774 2521 892 2587 Babrio
914 2524 1139 2608 rescriptarum
1162 2530 1282 2591 certum

128 2623 302 2707 uestigium
324 2639 430 2702 neque
452 2619 651 2686 Maennelius
673 2619 828 2688 indicauit
853 2620 1062 2704 (quamquam
1082 2619 1283 2690 ‘affirmantis

130 2737 180 2794 est
195 2713 373 2811 probatio²)
387 2741 491 2805 neque
507 2742 567 2806 ego
582 2721 752 2806 diligenter
766 2722 928 2805 inquirens
943 2719 1086 2808 repperi;
1109 2743 1183 2790 nam
1199 2745 1282 2806 quae

130 2850 153 2895 a
173 2826 251 2894 uiris
274 2824 376 2892 doctis
397 2826 524 2910 prolata
545 2829 618 2890 sunt
645 2824 794 2909 exempla
824 2844 863 2891 ea
884 2832 940 2891 ant
962 2826 1163 2892 librariorum
1186 2825 1283 2892 errori

131 2927 289 2997 debentur
317 2932 373 2994 aut
400 2925 611 2994 diasceuastis
640 2932 672 2992 et
697 2925 1025 3012 interpolatoribus1).
1070 2929 1241 2994 Praeterea
1264 2947 1282 2994 e

131 3029 277 3098 uersibus
298 3027 364 3095 illis
385 3027 508 3094 nullum
530 3033 586 3095 aut
607 3027 701 3092 metri
722 3031 778 3094 aut
800 3029 954 3097 sermonis
973 3030 1126 3097 Babriani
1142 3030 1282 3114 pellucet

130 3131 318 3215 uestigium,
347 3149 406 3196 nec
436 3149 512 3196 nero
541 3129 574 3194 in
603 3129 762 3195 sententia
788 3130 958 3213 quicquam
980 3132 1063 3198 inest
1086 3151 1140 3200 eur
1161 3130 1281 3198 Bebrio

130 3233 302 3314 tribuatur,
331 3231 429 3296 immo
460 3222 544 3296 ἀλλὰ
573 3228 720 3296 πάντοτε
742 3227 881 3296 ἐκδικεῖν
902 3243 975 3310 τοῖς
998 3225 1141 3321 ἀπόροις
1164 3255 1184 3300 a
1205 3234 1281 3318 lupo

131 3335 186 3416 qui
215 3351 332 3416 agnum
359 3332 466 3418 rapuit
494 3339 560 3398 tam
589 3333 687 3400 stulte
714 3333 886 3418 inepteque
908 3333 1038 3420 dieitur,
1069 3342 1105 3401 ut
1126 3335 1231 3401 Atboo
1254 3334 1281 3400 si

129 3435 325 3518 traderetur,
354 3435 387 3501 in
417 3432 651 3501 diasceuastam
679 3435 903 3503 conserendum
932 3455 1003 3503 esse
1025 3457 1085 3522 ego
1108 3454 1279 3503 censerem.

130 3537 196 3604 Sed
219 3543 255 3604 ut
268 3535 432 3603 Babriana
454 3555 525 3602 esse
547 3535 728 3620 largiamur,
750 3557 826 3603 num
847 3539 955 3606 uerbis
976 3539 1046 3606 istis
1062 3538 1174 3604 ducem
1189 3535 1280 3600 illum

220 3741 243 3803 1)
261 3736 502 3792 Prudentissimum
524 3736 577 3791 hoc
600 3740 642 3790 est
658 3735 826 3793 Lachmanni
847 3737 975 3794 iudicium
990 3738 1036 3800 ed.
1056 3755 1082 3807 p.
1101 3735 1166 3791 XVI
1183 3735 1279 3806 paucis

130 3823 223 3878 uerbis
240 3837 397 3892 expressum
415 3821 460 3887 (cf.
472 3819 572 3877 Eberh.
585 3820 644 3875 obs.
656 3837 683 3890 p.
697 3825 713 3875 4
725 3825 819 3888 extr.):
839 3823 912 3892 quod
929 3838 990 3877 cnm
1007 3838 1024 3877 a
1042 3821 1177 3891 plerisque
1194 3821 1278 3876 homi·

129 3907 210 3962 nibus
234 3905 322 3962 doctis
343 3922 398 3962 non
422 3910 599 3974 agnoscatur,
624 3904 676 3960 alio
698 3904 815 3961 fortasse
838 3911 959 3975 ternpore
976 3907 1111 3961 illustrare
1129 3911 1155 3960 et
1172 3905 1279 3961 firmare

129 3991 259 4048 conabor.
295 3990 490 4046 Grauissimum
508 3990 623 4060 duplicis
640 3989 806 4045 recensionis
827 3991 979 4060 exemplum
1003 3995 1048 4056 12,
1073 3995 1170 4046 11-15
1192 3991 1279 4047 uersi·

128 4077 180 4132 bns
203 4081 231 4131 lt
252 4091 292 4145 sq.
311 4075 357 4144 qui
373 4077 456 4145 poeta
474 4075 581 4130 minime
603 4077 667 4132 sunt
682 4073 786 4144 indigni
803 4079 866 4144 post
886 4079 915 4129 18
936 4079 1087 4132 correctum
1104 4075 1278 4146 transpositis

127 4161 243 4218 tollitur.
