3118 4870
582 380 615 435 de
632 380 725 436 Bubrii
742 383 840 436 aetate.
1220 380 1278 442 211

212 545 267 636 Ὡς
288 549 351 637 γὰρ
374 542 430 615 ἐπ’
462 542 659 635 Οὐλύμποιο
681 549 766 634 μετὰ
784 549 911 634 χθονὸς
933 547 1022 640 ἤθεα
1044 550 1157 640 πάσης

283 655 473 732 πωτῶνται,
497 657 638 719 πίπτειν
658 655 716 718 καὶ
737 650 822 718 κατὰ
843 655 903 741 γῆν
925 647 1048 742 ὄφελον
1070 656 1137 721 κτλ.

131 755 278 822 Ceterum
292 753 411 822 nouicii
425 753 459 820 hi
473 759 589 840 poetae
603 774 693 821 meru
705 753 834 822 inscitia
847 755 993 840 mythum
1008 762 1149 825 mutasse
1171 755 1282 825 uiden·

131 862 195 940 tur;
227 862 312 923 oerte
333 861 535 922 mutauerant
557 855 771 940 ineptissime,
794 875 869 944 num
892 858 1018 942 singula
1038 857 1072 923 ni
1094 858 1189 925 fallor
1210 878 1282 925 oum

130 957 263 1040 singulis
279 979 363 1025 nuno
383 965 535 1044 pugnant.
573 959 714 1042 luppiter
729 957 909 1025 Hesiodeus
931 958 1094 1026 hominem
1115 959 1282 1043 puniturus

131 1063 193 1125 est:
218 1059 295 1140 qnid
317 1059 519 1126 Babriauus?
552 1060 638 1126 Num
657 1059 854 1126 donaturus?
884 1065 917 1126 ut
938 1059 1051 1126 inutile
1073 1067 1141 1128 erut
1163 1060 1281 1128 donum

131 1161 282 1246 operculo
298 1161 417 1229 clauso.
455 1163 505 1228 An
521 1160 722 1227 tentaturus?
749 1167 783 1228 at
804 1182 861 1228 uus
885 1161 1000 1246 aperiri
1022 1181 1085 1228 non
1107 1168 1204 1245 uetat,
1227 1182 1283 1254 ne-¹

131 1281 194 1345 que
209 1263 304 1330 homo
319 1269 375 1328 aut
392 1269 502 1346 aperto
526 1281 563 1328 eo
588 1261 738 1328 damnum
760 1261 876 1346 aeoipit
898 1266 1037 1330 autnon
1059 1269 1169 1346 aperto
1192 1283 1282 1346 prue-

129 1365 236 1430 mium.
282 1365 388 1448 Aegre
410 1364 547 1445 denique
568 1363 778 1448 intellegitur,
808 1363 966 1444 quomodo
989 1383 1079 1449 spes,
1110 1361 1149 1450 ἣν
1171 1389 1282 1430 κατει-

129 1462 249 1554 λήφειυ
270 1464 370 1530 τεθὲν
388 1462 425 1530 τὸ
442 1467 547 1548 πῶμα
569 1484 640 1531 eum
662 1463 843 1531 hominibus
866 1485 936 1532 esse
959 1465 1060 1549 possit
1082 1485 1228 1551 repressa
1250 1473 1282 1532 et

127 1569 261 1636 inolusu.

215 1669 329 1755 Aptius
352 1686 448 1749 quam
463 1666 551 1753 apud
575 1668 729 1734 Bebriurn
750 1665 813 1732 fab.
832 1670 870 1730 59
893 1665 1044 1752 Iuppiter,
1067 1666 1154 1752 apud
1169 1666 1281 1733 Lucia-

126 1791 205 1836 num
220 1770 363 1836 Hermot.
380 1773 420 1834 20
436 1769 597 1836 Vulcanus
619 1769 652 1836 iu
675 1773 835 1835 certamen
857 1767 1024 1834 deseendit
1046 1787 1117 1834 eum
1131 1767 1281 1851 Neptuno

128 1877 162 1938 et
182 1872 327 1939 Minerua
339 1870 379 1956 1):
403 1889 501 1954 quare
525 1877 557 1936 et
578 1870 649 1954 ipse
667 1870 825 1953 Berghius
846 1871 968 1938 anthol.
991 1891 1022 1954 p.
1037 1869 1085 1934 XI
1107 1868 1282 1934 Luoianum

125 1968 276 2039 ‘fortasse
291 1993 477 2056 germanam
491 1971 611 2056 Aesopi
625 1971 778 2038 fabellam
800 1962 959 2038 seruasse³
986 1971 1174 2056 suspicatur.
1212 1970 1281 2035 Ari-

126 2075 261 2143 stoteles
290 2081 396 2140 autem
425 2072 466 2140 de
488 2078 583 2158 partt.
606 2072 702 2138 anim.
725 2074 817 2154 III,2
848 2073 889 2140 ab
919 2079 1055 2156 utroque
1084 2091 1122 2138 eo
1151 2071 1281 2153 recedit,

127 2171 217 2260 quod
231 2177 355 2242 Momus
377 2176 410 2241 in
433 2181 523 2242 tauro
546 2194 609 2240 non
632 2171 898 2259 reprehendite&
921 2178 1042 2262 κέρατα
1064 2169 1109 2260 μὴ
1132 2174 1198 2236 τῶν
1220 2163 1281 2254 ὀμ-

125 2276 243 2362 μάτων
265 2275 354 2342 κάτιο
376 2281 514 2342 κεῖσθαι
542 2273 649 2359 (Babr.
675 2279 724 2358 59,
741 2278 776 2358 95
803 2270 869 2340 ὑπὸ
894 2287 965 2352 τοῖς
988 2267 1184 2362 ὀφθαλμοῖς
1205 2275 1281 2340 Lus.

125 2379 381 2459 uor.hist.11‚3
404 2382 435 2442 et
456 2376 544 2459 Nigr.
564 2374 632 2456 32),
662 2394 771 2439 uerum
793 2366 847 2438 ὅτι
870 2368 927 2438 οὐκ
950 2374 1020 2440 ἐπὶ
1042 2387 1130 2452 τοῖς
1154 2370 1181 2439 ὦ
1188 2399 1282 2458 μοις

126 2480 194 2562 ἔχει
217 2477 260 2542 τὰ
282 2481 420 2563 κέρατα,
444 2467 526 2539 ὅθεν
548 2472 608 2550 τὰς
631 2471 760 2558 πληγὰς
784 2470 932 2538 ἐποιεῖτο
956 2473 1181 2562 ἰσχυροτάτας,
1205 2468 1279 2540 ἀλλ’

127 2580 187 2647 ἐπὶ
202 2582 263 2644 τοῦ
279 2571 528 2644 ἀσθενεστάτου
543 2578 672 2662 μέρους,
690 2576 748 2660 τῆς
763 2573 924 2659 κεφαλῆςε
947 2578 985 2641 ef.
1001 2576 1181 2643 Bentleium
1196 2575 1283 2662 apud

125 2684 259 2750 Furiam
280 2682 297 2746 Ι
318 2701 349 2765 p.
365 2678 497 2744 CXLIII
512 2697 559 2760 sq.

221 2785 258 2848 In
285 2782 397 2848 fabula
419 2785 461 2844 74
488 2777 610 2844 —uhi
639 2775 792 2844 animalia
820 2782 913 2856 grata
940 2773 1063 2841 homini
1091 2777 1177 2842 uitue
1205 2795 1283 2842 suae

127 2891 253 2973 partem
269 2884 351 2950 dono
368 2881 480 2965 dante)
503 2917 544 2928 -
567 2879 681 2946 mirum
700 2885 766 2961 est,-
782 2878 868 2958 quod
889 2875 969 2943 nihil
993 2875 1107 2942 dioItur
1129 2876 1170 2942 de
1192 2878 1282 2942 annis

128 2987 251 3054 homini
272 2984 409 3070 propriis
432 3002 537 3065 neque
558 2982 591 3047 in
613 2981 703 3046 initio
726 2998 831 3060 neque
852 2999 883 3044 u
910 2983 947 3042 10
963 2995 1032 3059 sqq.
1076 2977 1206 3044 Plenior
1235 2982 1283 3044 est

128 3086 289 3156 fabulaS.
311 3090 436 3152 104=
457 3085 497 3151 H.
517 3082 604 3150 17312:
628 3078 712 3158 Ζευς
736 3075 920 3166 ἄνθρωπον
943 3075 1090 3165 ποιήσας
1112 3071 1282 3164 ὀλιγοχρό-

129 3213 200 3254 νιον
224 3181 324 3252 αυτὸν
348 3184 410 3250 ἒπο
414 3189 520 3272 ίησεν
551 3178 568 3248 ὁ
595 3181 630 3247 δὲ
659 3184 700 3267 τῇ
729 3179 848 3246 ἑαυτοῦ
878 3184 1007 3246 συνέσει
1031 3177 1200 3264 χρώμενος
1228 3171 1283 3244 σ’τε

130 3288 283 3355 ἐνίστατο
306 3283 323 3352 ὁ
345 3284 469 3368 χειμών
493 3282 620 3352 οἶκον(
606 3307 710 3368 εαυτῳ
735 3279 949 3359 κατεσκεύαζε
971 3281 1027 3345 καὶ
1050 3278 1198 3346 ἐνταῦθα
1214 3279 1282 3345 ὄιέ-

129 3396 223 3478 τριβε
244 3391 330 3474 κτλ,
360 3389 422 3456 et
413 3409 446 3454 111
467 3388 544 3455 fine:
568 3409 654 3452 ουτοι
676 3408 712 3449 τε
735 3387 853 3470 συνέβη
876 3379 953 3459 τοὺς
976 3373 1221 3467 ἆνθριόπους”
1202 3403 1282 3445 οταν

219 3611 243 3674 1)
262 3607 362 3662 Contra
374 3605 494 3660 subulam
506 3603 533 3658 S.
546 3607 593 3658 100
604 3631 637 3651 =
646 3601 681 3657 H.
695 3607 752 3669 155,
764 3601 792 3655 in
806 3615 858 3670 qua
870 3599 1004 3655 homInem
1016 3598 1201 3663 Prometheus,
1219 3598 1283 3666 Iup·

130 3693 201 3762 piter
218 3697 328 3746 taurum
346 3693 420 3746 creet
437 3689 564 3758 Neptuno
582 3686 731 3756 proprium,
750 3687 842 3741 Keller
859 3702 886 3754 p.
904 3689 951 3740 361
972 3689 1000 3737 et
1017 3682 1101 3736 Furia
1113 3684 1177 3738 Aes.
1188 3682 1214 3736 Il
1225 3687 1281 3738 not.

130 3796 158 3847 p.
170 3782 202 3832 83
220 3775 321 3831 iniuria
337 3790 386 3845 pro
405 3773 558 3843 untiqqure
576 3772 733 3826 habuerunt
750 3785 830 3839 quum
844 3769 1015 3824 Rubrianum.
1047 3766 1136 3835 Atque
1149 3765 1203 3821 olis
1215 3783 1281 3836 quo·

131 3877 183 3930 que
200 3861 229 3914 in
247 3875 280 3914 ee
296 3859 384 3914 minus
402 3862 467 3913 sunt
484 3863 563 3928 uptu,
588 3857 665 3912 uelut
688 3854 760 3924 quod
778 3854 886 3908 Momus
904 3852 976 3906 tauri
994 3850 1087 3906 oeulos
1106 3853 1151 3904 ἐπὶ
1169 3855 1224 3904 τοῖς
1241 3856 1282 3905 κε’-

132 3963 195 4018 ρασι
211 3943 278 4014 poni
294 3945 353 3998 uolt
370 3947 397 3998 et
413 3947 529 3997 mentem
546 3939 663 3997 hominIs
681 3939 792 4002 ἔξωθεν
809 3936 947 4007 suspendi.

217 4033 242 4095 2)
260 4027 359 4084 SImilis
383 4027 525 4096 allegodoe
542 4025 684 4080 inuolucro
703 4023 747 4078 usi
765 4027 828 4077 sunt
848 4020 903 4074 ium
920 4019 1080 4090 Phooylides
1098 4019 1131 4074 Ir.
1150 4024 1164 4074 3
1183 4035 1210 4088 p.
1229 4023 1279 4074 446

131 4113 200 4182 ng.
220 4116 248 4167 et
265 4111 415 4168 SImonides
432 4111 489 4166 fri
508 4128 536 4181 p.
547 4113 607 4165 tas.
