3138 4872
613 448 647 502 da
664 447 759 502 Babrii
776 451 874 504 aetate.
1260 452 1324 514 129

167 615 300 700 Eberh.)
322 616 357 681 in
377 617 660 703 interpretamenta
675 640 733 684 sua
750 619 915 704 receperit.
953 620 1019 687 Sed
1035 622 1124 707 haec,
1149 624 1325 707 dequibus

167 725 282 802 postea
304 718 484 784 accuratius
505 717 695 804 uidebimus,
722 727 809 787 certe
830 741 892 786 non
914 723 1025 789 ualent
1046 723 1089 789 ad
1115 726 1325 794 Duebneri

168 819 360 886 sententiam
382 819 601 902 refutandam,
630 822 683 903 qui
706 823 805 887 multo
829 823 952 888 cautius
974 823 1008 889 id
1031 825 1134 890 solum
1156 828 1267 892 statuit
1288 828 1322 894 in

164 916 509 988 ‘animaduersionibus
532 921 648 987 criticis
667 921 708 988 de
723 923 832 988 Babrii
849 916 1074 1008 ,avsrdpaporg’
1094 927 1206 1002 (Paris.
1225 929 1322 1013 1844)

166 1044 198 1108 p.
224 1025 262 1086 19
284 1041 371 1106 sqq,
400 1029 473 1107 post
494 1023 653 1089 Catullum
683 1043 755 1088 eum
782 1023 936 1108 floruisse,
966 1027 1116 1108 quoniam
1145 1034 1323 1113 anapaesto

167 1124 201 1188 in
221 1123 326 1208 prima
346 1125 425 1190 sede
446 1125 488 1191 sit
509 1144 586 1191 usus
608 1145 628 1190 a
650 1124 776 1190 Catullo
798 1145 960 1207 nunquam
991 1127 1150 1211 admisso,
1179 1130 1319 1196 celeber-

167 1225 247 1290 rimo
269 1225 355 1308 apud
371 1227 514 1292 Persium
530 1226 712 1292 Petronium
727 1227 922 1311 Martialem3
945 1231 1107 1295 aemulum
1123 1236 1230 1297 autem
1246 1251 1319 1296 eum

166 1327 265 1392 luisse
279 1326 474 1409 Latinorum,
498 1327 553 1409 qui
564 1321 672 1392 ‘aliter
693 1333 790 1409 atque
812 1327 929 1396 Graeci
950 1330 1060 1414 quinto
1083 1330 1116 1396 in
1138 1330 1221 1415 pede
1240 1331 1318 1398 iam·

166 1428 244 1494 bum
266 1432 447 1494 constanter
468 1435 596 1494 seruent
624 1447 728 1509 neque
750 1447 891 1510 unquam
914 1439 1108 1499 commutent
1130 1451 1202 1498 cum
1225 1452 1318 1517 spou-

166 1520 250 1613 deo',
277 1529 330 1594 uel
357 1527 433 1594 inde
454 1547 626 1612 apparere,
656 1530 742 1610 quod
760 1524 853 1596 ‘data
874 1549 972 1614 opera
993 1536 1091 1613 atque
1112 1534 1200 1598 omni
1223 1535 1320 1602 modo

166 1629 343 1715 spondeum
365 1631 462 1695 istum
484 1621 664 1696 euitauerit'
691 1628 726 1710 (l.
745 1649 769 1696 s.
788 1650 813 1695 s.
831 1652 863 1716 p.
881 1631 946 1713 25).
990 1633 1078 1698 Bene
1101 1633 1319 1700 Schneidewi-

166 1753 226 1798 nus
249 1731 283 1814 (l.
303 1752 328 1798 s.
350 1752 374 1798 s.
391 1751 421 1815 p.
442 1736 479 1796 17
493 1731 577 1812 sqq.)
601 1751 642 1798 ex
664 1731 808 1815 spondeo
830 1732 932 1799 uitato
953 1733 1033 1798 nihil
1057 1737 1209 1817 consequi
1231 1734 1319 1818 dicit,

167 1833 284 1918 quippe
313 1853 408 1916 quem
438 1851 478 1896 ne
505 1831 718 1898 Alexandrini
747 1833 877 1914 quidem
905 1839 1020 1918 poetae
1051 1853 1193 1916 unquam
1227 1837 1319 1901 adhi-

166 1935 292 2000 buerint
304 1935 337 2016 ¹).
389 1935 494 2000 Minus
524 1941 632 2000 autem
658 1935 869 2018 probabiliter
897 1956 937 2002 ex
972 1957 1010 2002 eo
1039 1937 1125 2018 quod
1154 1934 1317 2021 dactylum

164 2036 339 2120 Hipponax
361 2042 394 2101 et
408 2035 552 2102 Phoenix
574 2035 764 2119 inprimum
785 2036 902 2121 pedem
917 2035 1123 2121 admiserunt,
1147 2034 1317 2103 ἒπιόευτέ-

165 2160 244 2222 ρους
261 2136 637 2220 eholiambographorum
652 2137 848 2204 Graecorum
870 2145 902 2203 et
915 2139 1021 2223 ipsum
1036 2146 1246 2221 anapaestum
1261 2139 1317 2204 ad-

165 2237 292 2304 misisse
313 2238 462 2304 couiecit:
484 2257 560 2301 nam
582 2257 623 2302 ex
638 2237 778 2323 dactylo,
800 2240 833 2304 in
852 2257 914 2320 quo
931 2241 1045 2307 breues
1061 2240 1145 2306 duae
1160 2247 1318 2325 ponuntur

163 2360 223 2426 pro
251 2341 348 2424 longa
376 2359 453 2404 uera
480 2338 702 2424 legitimaque,
733 2340 813 2405 nihil
838 2341 1044 2422 consequitur
1066 2342 1108 2407 de
1129 2347 1315 2426 anapaesto,

164 2444 199 2507 in
221 2461 284 2523 quo
305 2444 388 2508 duae
411 2441 526 2506 breues
553 2461 610 2525 pro
633 2460 697 2505 una
718 2441 809 2506 breui
832 2461 888 2508 seu
909 2444 1016 2528 potius
1037 2463 1096 2527 pro
1118 2443 1217 2526 longa
1237 2442 1314 2508 irra-

163 2542 280 2608 tionali
301 2561 396 2623 quam
418 2543 527 2608 dicunt
542 2545 710 2626 ponuntur.
752 2541 821 2619 Quo
843 2543 968 2608 aceedit
990 2542 1075 2624 quod
1097 2545 1204 2624 legem
1225 2544 1316 2609 illam

164 2645 332 2728 anapaesti
344 2643 467 2710 uitandi
476 2665 497 2709 a
507 2642 660 2710 Romanis
672 2642 768 2707 etiam
779 2644 1014 2724 uetustioribus,
1027 2644 1315 2711 Alexandrinorum

165 2744 332 2829 discipulis
362 2751 393 2811 et
419 2745 649 2826 imitatoribus,
676 2743 876 2810 seuerissime
900 2744 1064 2830 obseruari
1086 2743 1247 2829 uidemus,
1277 2749 1316 2812 cf.

164 2845 295 2912 Lachm.
310 2847 410 2928 praef.
425 2847 520 2912 Babr.
535 2866 566 2930 p.
578 2845 651 2928 XlI,
668 2846 703 2910 L.
719 2845 825 2912 Muell.
843 2845 957 2911 Catull.
970 2865 1001 2929 p.
1010 2844 1115 2909 LXIX
1123 2864 1170 2926 sq.
1183 2847 1315 2912 LXXX.

164 2949 279 3030 Neque
299 2948 417 3014 rectius
432 2945 646 3031 'l'yrwhittum
669 2946 755 3030 apud
778 2946 905 3012 Furiam
928 2967 958 3031 p.
975 2946 1076 3012 oLxl
1098 2953 1225 3011 secutus
1240 2948 1316 3012 Aui-

165 3069 227 3114 ano
249 3054 331 3114 teste
353 3048 452 3114 utitur
474 3047 737 3115 Schneidewinus
759 3053 794 3112 ut
815 3047 968 3114 Babrium
988 3047 1136 3113 Phaedro
1159 3047 1314 3130 antiquio·

163 3169 232 3216 rem
254 3169 325 3218 esse
353 3151 567 3231 demonstret,
595 3149 645 3214 his
674 3148 829 3232 prooemii
854 3149 962 3216 uerbis
984 3171 1014 3232 p.
1034 3153 1072 3211 12
1096 3148 1263 3233 exscriptis
1273 3147 1315 3232 ²):

161 3247 269 3318 ‘huius
288 3250 442 3316 materiae
464 3249 578 3316 ducem
593 3250 685 3317 nobis
700 3252 863 3334 Aesopum
878 3252 1005 3317 noueris
1021 3273 1076 3314 -:
1098 3268 1178 3331 quas
1192 3251 1317 3330 graecis

253 3419 277 3481 l)
295 3417 365 3471 Nam
388 3415 531 3484 singularis
555 3420 597 3470 est
621 3414 744 3471 condicio
763 3415 962 3484 epigrammatis
981 3415 1136 3471 Theocritei
1152 3413 1192 3468 IX
1209 3414 1316 3468 Ahrens

164 3502 247 3569 (uulg.
259 3499 334 3566 XXI,
352 3500 481 3556 Meinekii
494 3500 643 3556 Choliamb.
659 3516 686 3568 p.
703 3505 769 3568 ¹52),
787 3500 816 3555 in
834 3516 887 3570 quo
906 3501 948 3554 bis
966 3501 1102 3570 spondeus
1120 3498 1255 3553 admissus
1273 3502 1316 3553 est

164 3600 198 3640 eo
223 3585 351 3652 consilio,
368 3580 409 3639 ‘ut
431 3600 540 3640 carmen
557 3585 737 3654 Hipponactis
758 3585 865 3640 laudem
890 3585 1057 3654 complexum
1078 3583 1160 3638 huius
1183 3583 1264 3637 etiam
1287 3583 1316 3637 in

165 3670 289 3724 uersibus
307 3669 453 3726 condendis
472 3671 590 3724 colorem
607 3666 765 3724 imitaretur'
784 3669 924 3732 (Meinelrii
942 3668 1090 3723 Gholiamb.
1105 3683 1132 3736 p.
1146 3671 1197 3734 90).
1232 3667 1317 3722 Errat

164 3754 357 3824 Hertzbergius
376 3771 401 3824 p.
415 3759 471 3809 167.

250 3844 275 3905 2)
294 3839 421 3907 Sequitur
433 3854 494 3894 eum
504 3836 662 3908 Bernhardy
672 3837 718 3892 Gr.
731 3837 764 3892 L.
774 3837 805 3890 G.
819 3837 862 3891 11¹
874 3854 902 3906 p.
913 3841 978 3891 742:
996 3832 1054 3890 ‘der
1066 3835 1211 3891 Romische
1223 3834 1315 3890 Fabu-

164 3924 211 3978 list
228 3923 348 3978 Asianus
366 3965 373 3978 .
389 3965 395 3977 .
413 3965 420 3979 .
436 3925 542 3978 scheint
563 3924 610 3977 ihn
628 3923 731 3987 (Babr.)
749 3923 790 3976 als
807 3923 965 3990 Vorgtnger
988 3920 1036 3974 des
1054 3919 1195 3974 Phaedrus
1215 3935 1249 3972 au
1268 3919 1315 3972 be-

163 4005 306 4070 trachten',
323 4007 416 4062 Keller
433 4015 524 4064 autem
541 4008 558 4062 J
560 4007 655 4061 ahrbb.
665 4007 684 4060 f.
695 4005 789 4061 Philol.
800 4005 955 4060 LXXXVII
967 4021 993 4073 p.
1004 4007 1051 4058 327
1065 4003 1221 4059 uniuersam
1233 4017 1314 4071 argu·

163 4091 356 4148 mentatiouem
372 4092 482 4161 repetiit
499 4095 636 4161 tamquam
654 4106 762 4147 nouam.
792 4089 887 4144 Fixius
899 4088 1047 4142 Schneider
1059 4088 1236 4143 Eberhardus
1254 4087 1312 4142 obs.

163 4182 218 4248 pb
236 4177 337 4232 rectius
354 4175 553 4232 iudicauerunt.
