3138 4872
243 1448 246 1454 -
279 1375 455 1474 lnBabrii
477 1413 616 1476 aetatem
630 1408 854 1476 'definiendam
876 1418 953 1494 quot
974 1411 1035 1477 uiri
1061 1411 1147 1479 docti
1167 1413 1340 1494 inquisiue-

188 1515 262 1576 runt
288 1513 336 1576 tot
364 1513 430 1576 fere
458 1511 603 1594 prolatae
631 1517 705 1576 sunt
733 1512 909 1578 sententiae
937 1514 1048 1582 uariae
1077 1515 1236 1600 longeque
1257 1515 1341 1581 inter

188 1630 224 1676 se
253 1611 415 1694 diuersae,
443 1617 599 1693 uagantes
627 1631 685 1678 eae
714 1632 734 1677 a
760 1613 854 1680 tertio
882 1633 910 1678 a.
935 1613 1008 1680 Chr.
1029 1634 1060 1679 n.
1082 1617 1211 1682 saeculo
1237 1635 1339 1698 usque

189 1711 232 1777 ad
258 1712 386 1779 tertium
408 1733 438 1796 p.
462 1711 535 1778 (ihr.
557 1733 603 1778 n.:
632 1717 729 1794 atque
752 1735 793 1780 ne
815 1713 911 1780 hodie
934 1714 1063 1796 quidem
1092 1721 1165 1799 post
1193 1717 1340 1800 egregias

188 1812 367 1880 Eberhardi
404 1833 495 1880 curas
507 1812 531 1896 ¹)
566 1814 674 1880 lumen
713 1815 792 1880 satis
831 1815 953 1880 clarum
991 1815 1125 1882 allatum
1162 1821 1212 1881 est
1247 1835 1340 1898 argu-

189 1921 295 1980 mento
322 1915 371 1978 illi
404 1917 498 1982 nimis
531 1916 666 1982 obscuro
677 1915 712 2000 ²),
764 1915 844 1981 (tum
877 1922 985 1981 autem
1014 1923 1145 2002 propter
1173 1917 1339 1985 historiam

189 2021 220 2081 et
252 2015 428 2082 litterarum
461 2017 664 2098 antiquarum
700 2023 733 2082 et
763 2017 906 2102 ipsarum
938 2017 1129 2084 fabellarum
1161 2020 1338 2086 narratiun-

188 2116 393 2200 cularumque
424 2117 512 2184 haud
540 2117 632 2202 parui
660 2119 702 2184 sit
727 2120 880 2185 momenti
905 2120 1094 2187 fabulatoris
1117 2119 1232 2187 Graeci
1254 2121 1339 2187 unici

187 2236 377 2302 pernoscere
406 2225 562 2302 aetatem,
592 2239 708 2304 operae
737 2221 874 2304 pretium
899 2221 1025 2288 uidetur
1052 2221 1234 2288 uniuersam
1256 2223 1339 2289 hanc

189 2317 410 2400 quaestionem
439 2339 536 2402 quam
564 2321 802 2388 accuratissime
831 2327 1015 2388 retractare.
1069 2323 1210 2401 Primum
1241 2324 1340 2404 igitur

187 2419 351 2486 hominum
375 2420 540 2488 doctorum
565 2423 732 2506 opiniones
754 2423 787 2487 in
803 2443 867 2488 uno
886 2429 1057 2506 conspectu
1070 2444 1227 2508 ponamus
1242 2431 1339 2506 atque

189 2540 228 2587 ea
257 2540 322 2602 qua
349 2542 409 2606 par
437 2528 486 2588 est
515 2523 684 2606 diligentia
712 2521 922 2588 diiudieemus
946 2557 983 2568 -
1009 2541 1105 2604 quam
1131 2544 1262 2609 operam
1283 2545 1338 2590 ne-

188 2622 361 2689 cessariam
388 2623 564 2706 utilemque
592 2621 768 2690 nemodum
792 2623 933 2705 suscepit
954 2659 1011 2705 -,
1041 2624 1158 2690 deinde
1185 2627 1339 2708 numquid

187 2722 250 2808 ipsi
280 2722 396 2790 certius
423 2731 565 2790 statuere
586 2723 745 2809 possimus
767 2722 943 2790 uideamus.
987 2722 1053 2788 Sed
1075 2745 1116 2790 ne
1137 2727 1262 2811 longior
1282 2725 1339 2791 fiat

187 2823 361 2907 disputatio
384 2844 481 2906 quam
503 2825 621 2908 utilior,
644 2845 753 2892 eorum
776 2825 961 2894 omittamus
983 2832 1170 2908 commenta,
1194 2828 1338 2907 quiante

188 2925 340 2992 Babrium
361 2925 526 2993 inuentum
549 2926 589 2992 de
612 2930 718 2994 aetate
741 2925 809 2994 eius
831 2925 984 2991 iudicium
1004 2924 1184 3008 ieceruntss)
1202 2963 1241 2972 -
1262 2947 1338 2993 nam

187 3025 218 3090 in
246 3027 304 3092 tali
332 3027 546 3094 subsidiorum
574 3028 685 3112 inopia
712 3028 834 3095 incerta
861 3027 969 3093 omnia
993 3026 1091 3092 fuisse
1114 3032 1146 3092 et
1167 3046 1267 3112 uaga,
1297 3049 1338 3094 ex

190 3162 392 3172 *—

275 3231 297 3293 1)
319 3227 495 3283 Eberhardus
518 3243 606 3297 neque
629 3228 688 3283 obs.
706 3245 732 3298 p.
752 3232 767 3282 3
795 3226 952 3282 accuratius
974 3229 1081 3294 tempus
1105 3225 1228 3280 defininit
1250 3241 1338 3296 neque

185 3310 267 3366 Babr.
277 3311 362 3380 p.IIl‚
380 3312 428 3366 ubi
445 3312 537 3382 primis
555 3317 637 3382 post
655 3311 793 3367 Christum
807 3316 901 3367 natum
916 3309 1033 3364 saeculis
1045 3323 1107 3364 eum
1123 3309 1225 3364 uixisse
1243 3311 1338 3365 statuit

185 3400 330 3464 propterea
343 3396 415 3464 quod
426 3392 584 3451 ‘incredibili
603 3392 760 3452 subtilitate’
774 3411 870 3450 uersus
885 3394 1047 3464 expoliuerit
1064 3399 1222 3464 tantamque
1240 3409 1337 3449 accen-

185 3480 226 3534 tui
243 3479 299 3534 uim
315 3481 449 3548 tribuerit,
468 3485 499 3534 ut
515 3480 545 3534 in
555 3482 728 3549 'paenultima
745 3495 842 3535 uersus
860 3479 923 3534 sede
941 3493 974 3534 ax
991 3479 1050 3544 lege
1067 3493 1129 3532 eum
1145 3482 1267 3547 poneret.

270 3567 296 3629 2)
315 3563 354 3618 Of.
373 3564 476 3620 Naberi
491 3565 622 3620 iudicium
643 3565 774 3620 Mnemos.
792 3581 819 3618 ιι.
838 3581 859 3618 s.
876 3565 916 3620 IV
933 3567 1021 3630 (1876)
1044 3579 1072 3632 p.
1091 3567 1154 3618 383:
1175 3559 1193 3618 ‘.
1213 3604 1219 3616 .
1238 3603 1244 3616 .
1262 3563 1338 3631 igno-

186 3653 262 3703 ratur
279 3653 307 3704 et
323 3647 440 3704 fortasse
458 3665 564 3718 semper
580 3649 761 3718 ignorabitur,
787 3648 895 3718 quaudo
913 3648 1029 3703 Babrius
1048 3645 1159 3712 uixerit,
1184 3661 1248 3701 nam
1265 3647 1337 3703 leuia

187 3737 344 3802 argumenta
356 3736 428 3798 suut,
448 3733 546 3802 quibus
557 3733 586 3788 in
598 3734 650 3789 hoc
663 3738 820 3801 argumento
833 3733 885 3786 uiri
898 3732 970 3786 docti
982 3732 1139 3800 plerumque
1150 3727 1271 3785 utuntur'
1283 3737 1334 3786 etc.

272 3821 297 3883 3)
315 3817 403 3872 Unam
420 3817 507 3885 ipsius
519 3818 625 3874 Bentlei
642 3817 804 3874 sententiam
815 3811 930 3872 ‘dissert
943 3831 1018 3884 upon
1030 3815 1145 3883 Aesop's
1157 3813 1264 3871 Fables‘
1278 3833 1305 3870 n.
1321 3817 1335 3868 7

187 3901 246 3956 sine
263 3901 318 3956 ulle
329 3902 561 3970 argumentatione
572 3902 706 3972 prolatam
718 3901 851 3967 exscribo,
869 3899 999 3954 Babrium
1010 3913 1070 3954 esse
1082 3893 1144 3954 ‘one
1156 3898 1187 3954 ol
1196 3901 1243 3956 the
1254 3901 1337 3956 latest

187 3998 236 4054 age
254 3983 285 4039 of
300 3985 370 4054 good
387 3981 510 4053 writers’,
521 3986 541 4040 i.
552 4001 574 4041 e.
592 3986 667 4042 tertii
683 4001 709 4055 p.
721 3985 783 4040 Ohr.
794 4001 821 4038 n.
832 3984 934 4040 saeculi
950 3983 995 4038 uel
1013 3984 1103 4051 quarti
1114 3984 1233 4040 ineuntis
1244 3984 1335 4040 Lach-

186 4084 285 4124 manno
303 4069 385 4124 Babr.
407 4087 434 4140 p.
448 4069 475 4122 X
491 4070 646 4139 interprete.
680 4069 871 4124 coniecturam
888 4082 937 4122 seu
953 4065 1045 4136 potius
1063 4067 1257 4124 diuinationem
1275 4084 1338 4123 eum

185 4169 241 4208 non
259 4151 397 4222 fefellisse,
415 4169 457 4208 me
476 4153 627 4210 stricturum
644 4167 704 4208 esse
722 4152 837 4209 confido.

1095 4254 1134 4306 9*
