3118 4870
581 419 614 472 de
631 417 726 473 Babrii
742 420 840 474 aetate.
1226 417 1288 481 203

137 587 192 654 ubi
221 585 393 672 proripitur
422 578 600 673 ἀπόκρισιν
630 588 692 671 ἔχω
716 588 764 666 εἷς
786 589 941 678 Μίλητον
963 590 1067 675 inquit
1088 593 1144 658 καὶ
1166 590 1288 682 ταύτην

137 686 243 754 ἐκεῖσε
267 680 475 771 ἀποκομίσαι
494 687 661 773 βούλομαι
673 690 707 772 ¹).
755 691 860 774 Atque
882 691 968 759 idem
991 712 1051 759 usu
1077 694 1164 761 uenit
1186 694 1218 762 in
1241 695 1288 761 eis

136 791 316 858 fabularum
332 790 484 873 frustulis,
501 809 584 872 quae
599 790 686 876 apud
700 792 881 878 Aelianum,
899 794 1045 879 Plinium,
1062 795 1287 880 peripateticos

135 892 263 960 illorum
291 897 436 959 auctores
465 892 600 958 disiecta
627 893 840 977 reperiuntur:
869 914 1003 977 quorum
1030 898 1184 964 nonnulla
1205 897 1288 963 infra

135 1014 166 1078 p.
191 997 252 1057 214
278 993 423 1060 inuenies
452 995 645 1078 composita,
681 993 735 1060 ubi
764 995 1146 1078 (111111111951311111.
1192 998 1285 1064 Certe

136 1093 374 1162 Alexandrinus
389 1096 417 1160 si
432 1095 569 1162 Babrius
585 1097 736 1163 11111111
753 1098 880 1165 omnino
897 1097 1039 1168 Graecus
1061 1099 1177 1167 aetatis
1198 1105 1285 1167 uetu-

135 1195 252 1279 stioris
275 1196 503 1263 iucundissimo
527 1197 587 1264 hoe
609 1205 721 1265 ornatu
744 1197 831 1264 haud
853 1199 948 1266 facile
970 1206 1101 1267 careret.

222 1297 288 1364 Sed
308 1299 400 1380 ipsae
422 1317 549 1383 quoque
570 1299 749 1366 fabularum
769 1299 855 1367 haud
869 1320 1042 1384 paucarum
1060 1307 1092 1369 et
1107 1303 1286 1387 mythorum

133 1399 258 1467 formae
273 1404 410 1466 aetatem
428 1400 566 1483 produnt
581 1400 797 1484 recentiorem,
814 1421 884 1467 oum
900 1401 1069 1469 uideantur
1083 1405 1287 1470 transforma-

135 1506 190 1568 tae
207 1507 376 1584 excerptae
393 1505 560 1584 corruptae
572 1520 613 1566 ex
624 1502 862 1586 uetustioribus,
878 1522 975 1588 saepe
987 1503 1052 1569 illis
1063 1504 1127 1587 ipsi
1137 1504 1286 1571 Phaedro

134 1602 273 1683 aliisque
295 1602 528 1669 fabulatoribus
537 1601 563 1686 2)
586 1603 684 1669 notis:
708 1623 771 1686 quo
795 1603 836 1669 de
858 1605 928 1671 loco
950 1605 978 1671 si
1000 1626 1105 1690 neque
1127 1607 1224 1689 plena
1239 1612 1288 1671 est

135 1703 312 1787 disputatio
335 1723 408 1769 mea
422 1723 526 1786 neque
541 1704 628 1771 omni
643 1725 685 1770 ex
699 1711 791 1788 parte
807 1705 885 1771 satis
904 1705 986 1772 bene
1003 1705 1138 1790 firmata,
1161 1705 1287 1772 ueniam

134 1825 188 1872 me
210 1804 453 1888 impetraturum
477 1825 549 1872 esse
571 1803 705 1890 confido,
730 1807 850 1891 quippe
866 1827 936 1874 cum
959 1808 1170 1874 fabularum
1189 1806 1287 1873 Grae-

133 1927 244 1972 oarum
268 1905 420 1974 historiae
436 1927 456 1972 a
471 1907 644 1992 philologis
660 1908 701 1974 de
723 1909 1007 1976 fabulatoribus
1030 1910 1150 1995 optime
1166 1908 1287 1974 meritis

133 2009 191 2075 uix
214 2008 420 2075 fundamenta
442 2009 506 2074 sint
533 2008 618 2075 iacta
628 2007 662 2094 ³).
706 2010 774 2075 lam
801 2011 928 2095 singula
950 2011 982 2078 in
1005 2032 1100 2078 unum
1124 2016 1286 2092 tamquam

134 2115 340 2193 conspectum
364 2113 532 2176 conferam.

226 2299 248 2360 1)
266 2293 365 2348 Similis
384 2295 427 2347 est
443 2292 524 2346 etiam
541 2295 575 2348 H.
586 2298 636 2348 313
654 2293 748 2349 simius
766 2293 835 2347 κατὰ
848 2293 880 2348 τὸ
890 2293 1009 2349 Σούνιον
1023 2296 1171 2366 naufragus
1183 2300 1287 2365 (quam-

133 2394 216 2450 quam
236 2377 271 2432 ci.
287 2377 397 2432 Grimm.
413 2376 602 2444 1111111111),
621 2383 716 2433 contra
732 2379 815 2446 plane
832 2379 941 2434 diuersa
958 2380 1149 2436 Demosthenis
1166 2381 1285 2435 narratio

133 2465 229 2532 [Plut]
239 2462 295 2515 dee.
307 2463 375 2514 orat.
385 2475 412 2527 p.
422 2463 470 2512 401
481 2462 525 2524 (=
534 2459 569 2513 H.
581 2463 639 2526 319,
649 2459 730 2512 Babr.
742 2462 801 2530 syll.
812 2461 847 2526 11,
858 2465 901 2527 95)
917 2465 945 2516 11
954 2463 1070 2519 Timocr.
1081 2464 1113 2519 ir.
1124 2469 1147 2518 4.
1159 2469 1174 2518 5
1184 2481 1211 2534 p.
1222 2468 1287 2520 1193

128 2547 232 2616 Bergk.

221 2635 247 2697 2)
266 2628 308 2683 Ad
325 2630 451 2682 auctores
468 2627 567 2681 Bebrio
585 2625 747 2681 uetustiores
765 2626 987 2696 melioresqueex
1001 2628 1101 2684 fabulis
1116 2633 1287 2700 pedestribus

131 2719 250 2775 redeunt
267 2714 341 2768 haud
354 2727 467 2783 paucae.
494 2711 565 2766 Nam
578 2710 686 2765 minime
699 2725 795 2765 uerum
809 2714 851 2766 est
865 2712 937 2781 quod
953 2711 1018 2767 dicit
1028 2712 1195 2783 Tyrwhittus
1204 2718 1222 2770 l.
1233 2733 1254 2770 s.
1265 2733 1286 2772 s.

131 2821 159 2873 p.
184 2799 311 2856 CLXXX
332 2792 516 2852 ‘collectiones
540 2810 633 2851 omnes
652 2835 659 2849 .
681 2836 689 2851 .
708 2835 715 2850 .
734 2797 768 2851 ab
793 2811 876 2866 opere
893 2797 1031 2853 Bebriauo
1058 2798 1187 2866 originem
1209 2815 1286 2854 suam

133 2881 265 2944 duxisse‘:
289 2898 370 2953 quam
392 2881 554 2937 sententiam
576 2879 727 2949 Hartungio
749 2898 775 2950 p.
796 2887 826 2948 6,
857 2881 979 2937 Nicolaio
1003 2897 1043 2950 gr.
1056 2882 1089 2938 L.
1105 2883 1136 2937 (1.
1153 2884 1166 2937 Ι
1182 2900 1209 2953 p.
1232 2889 1287 2949 191,

133 2970 301 3026 Ζ1111111111
319 2985 345 3037 p.
364 2973 374 3020 1
396 2966 540 3036 probatam
555 2965 614 3020 iure
632 2965 772 3020 restrinxit
790 2965 908 3021 Feddius
926 2959 1026 3021 ‘Ueber
1047 2968 1106 3021 eine
1123 2965 1194 3021 noch
1211 2964 1288 3018 nicht

134 3057 222 3112 edirte
240 3051 396 3121 Sammlung
413 3065 468 3106 aes.
486 3045 603 3106 Fabeln'
623 3065 649 3117 p.
670 3054 709 3104 15.
744 3049 834 3106 Multa
855 3057 945 3106 autem
961 3052 990 3106 iu
1007 3052 1060 3107 hoe
1077 3065 1175 3121 genere
1192 3047 1287 3103 melius

133 3139 239 3211 poteris
263 3150 409 3206 exponere,
432 3135 541 3205 quando
559 3139 587 3188 et
603 3133 757 3189 fabularum
775 3135 918 3193 editionem
935 3153 999 3192 uere
1017 3136 1138 3191 1111111111
1156 3163 1189 3178 ψ
1208 3148 1287 3202 quam

133 3224 239 3278 utinam
255 3220 410 3290 parauisset
427 3218 603 3275 Eberhardus
621 3233 654 3272 11
671 3234 739 3286 quae
757 3220 813 3275 obs.
825 3238 851 3290 p.
864 3226 894 3274 19
912 3221 1073 3291 promiserat
1090 3220 1236 3275 exsoluens
1253 3248 1287 3257 -

135 3315 162 3362 11
179 3305 375 3362 accuratiorem
391 3304 425 3360 de
442 3304 608 3372 singularum
626 3303 816 3358 collectionum
834 3305 935 3374 origine
952 3321 984 3360 ac
1002 3306 1103 3360 uirtute
1120 3310 1216 3359 nactus
1235 3302 1287 3357 eris

134 3391 267 3448 notitiam.

222 3479 248 3541 3)
267 3475 365 3529 Fontes
383 3472 454 3526 unde
472 3472 637 3542 amplissima
655 3473 688 3526 de
705 3473 820 3530 historia
833 3475 988 3530 fabularum
1005 3473 1160 3530 testimonia
1177 3470 1287 3525 haurire

133 3561 225 3630 possis
238 3562 347 3629 praeter
363 3557 510 3626 scriptores
524 3557 570 3626 qui
585 3557 673 3613 obiter
689 3573 735 3612 eas
750 3565 959 3614 commemorant
972 3564 1028 3614 tres
1042 3559 1211 3628 potissimum
1223 3558 1288 3609 sunt

133 3645 173 3698 hi:
193 3643 433 3714 peripateticorum
452 3643 485 3697 de
503 3641 617 3696 historia
634 3643 753 3696 naturali
769 3643 831 3697 libri
849 3649 877 3697 11
894 3645 940 3712 qui
957 3644 1109 3712 fragmenta
1122 3657 1215 3698 eorum
1230 3655 1285 3694 ser·

135 3733 271 3784 uauerunt
284 3727 472 3796 compilatores
485 3727 649 3782 recentiores
659 3729 792 3796 (exempla
804 3744 953 3797 proponam
963 3727 991 3781 in
1001 3727 1074 3782 labb.
1086 3732 1118 3781 95
1129 3726 1286 3782 1111111111·

134 3811 274 3880 strandis);
294 3811 387 3880 populi
402 3811 548 3879 prouerbio
563 3811 592 3865 in
606 3811 701 3866 litteris
717 3811 819 3881 passim
833 3812 994 3880 disperaset
1008 3826 1024 3865 a
1038 3810 1285 3880 paroemiograpbis

134 3897 250 3952 collecta
268 3895 313 3963 (11.
328 3896 370 3950 ed.
387 3896 461 3951 Gott.
477 3897 503 3954 11
517 3913 543 3966 p.
561 3900 609 3951 839
628 3900 656 3950 11
673 3911 742 3964 quae
762 3896 863 3950 contuli
883 3896 918 3950 ad
935 3896 988 3950 lab.
1007 3900 1049 3950 91.
1069 3900 1123 3950 115.
1142 3899 1197 3952 139.
1216 3899 1285 3964 113);

135 3981 203 4035 artis
221 3979 371 4034 humilioris
389 3984 570 4048 monumenta,
588 3981 665 4034 uelut
681 3981 804 4050 picturae
822 3981 956 4049 parietum
974 3981 1285 4047 (111111,Α111.(1111111.

133 4063 299 4119 1111111111
312 4081 339 4133 p.
356 4067 405 4118 111
425 4069 452 4119 11
469 4064 574 4133 Helbig‚
593 4063 701 4119 Uuters.
719 4081 746 4133 p.
763 4068 805 4130 93)
824 4071 851 4119 11
868 4080 996 4120 uasorum
1015 4064 1284 4133 (posueramus

133 4176 167 4196 =
182 4149 216 4202 H.
233 4154 265 4202 55
284 4151 311 4204 11
328 4163 388 4203 mea
406 4149 442 4204 ad
458 4149 539 4205 Babr.
557 4152 614 4214 111)
633 4154 715 4218 atque
731 4163 815 4218 opera
834 4151 941 4220 sculpta
957 4151 1150 4219 (Pervanoglu,
1175 4149 1284 4205 Grabst
