3138 4872
286 394 346 458 198
764 400 827 456 Otto
846 400 957 456 drusius

284 570 377 636 limos
399 567 530 634 Luoiaui
552 569 640 636 locos
655 569 870 637 Zachariaeus
892 570 986 638 affert
1008 570 1028 636 l
1045 589 1069 636 s.
1086 590 1110 636 s.
1129 589 1160 654 p.
1181 575 1228 654 10,
1251 571 1340 638 uelut
1327 573 1430 658 tlup.

283 673 378 756 Trag.
402 675 505 736 45τὶ
492 655 625 735 ἰδ’
589 695 660 790 ρον,
691 697 717 735 ιο
746 673 828 752 Ζεῦ,
861 663 1086 758 dppluauc‘p
1053 683 1131 758 ημῖν
1159 673 1216 736 καὶ
1243 686 1431 760 συγκροτεῖς

281 772 358 850 τοὺς
380 765 558 848 ὀδόνταςί
542 769 607 837 erud
630 775 690 838 τοῦ
711 771 845 860 τρόμον,
873 773 912 839 cf.
935 778 1103 858 praeterea
1124 761 1199 840 dial.
1223 774 1309 842 deor.
1333 779 1384 860 20,
1401 779 1428 842 7.

281 893 403 959 peregr.
421 878 471 940 33.
494 873 619 940 conuiu.
635 878 685 941 29.

366 979 417 1059 93,
430 980 448 1039 5
464 971 558 1062 μιορὴ
574 974 610 1040 δὲ
625 981 750 1063 ποίμνη
766 977 821 1042 καὶ
837 972 879 1040 τὰ
894 973 1006 1041 πάντα
1020 973 1218 1063 βληχώόης
1234 975 1430 1045 summulis

282 1076 473 1161 quibusdam
494 1076 637 1158 satisque
659 1078 779 1162 apertis
802 1077 961 1146 erroribus
976 1075 1102 1144 omissis
1118 1075 1149 1161 ¹).
1186 1076 1357 1166 βληχώὸης
1373 1080 1429 1146 ad-

279 1179 430 1246 iectiuum
459 1176 579 1263 primus
608 1176 757 1244 adhibuit
777 1179 907 1247 Polemo
936 1177 1104 1264 physiogu.
1126 1199 1157 1263 p.
1181 1183 1243 1243 252
1274 1172 1333 1267 ἠχὴ
1357 1233 1364 1247 .
1391 1232 1428 1247 ..

279 1279 546 1367 βληχωδεοτέρα;
575 1279 791 1347 testimonium
821 1281 1019 1348 alterum-
976 1281 1150 1365 -paullo
1176 1287 1211 1347 ut
1233 1281 1358 1348 uidetur
1381 1303 1426 1349 re-

280 1382 464 1448 centius-
487 1388 536 1448 est
558 1381 724 1449 Constitui
747 1382 856 1466 Apost.
881 1382 948 1449 Oot.
970 1397 1005 1467 p.
1025 1387 1087 1448 423
1112 1395 1183 1459 τοῖς
1205 1387 1428 1468 νωθεστέροις

278 1507 335 1548 και
324 1481 550 1571 βληχώόεοι.

249 1575 254 1588 ’
365 1589 421 1670 95,
444 1589 485 1652 90
515 1587 597 1652 λέων
624 1585 684 1668 μὲν
713 1577 813 1662 αὐτὸς
842 1579 908 1666 εἶχε
939 1584 1063 1651 δαῖτα
1090 1589 1334 1673 πανθοίνην
1364 1587 1425 1653 SA.

278 1638 468 1766 πάνθοαος
496 1690 595 1756 semel
623 1709 701 1773 prae
702 1694 790 1754 terea
820 1693 927 1753 exstat
955 1687 1042 1772 apud
1072 1686 1252 1774 Oppianum
1282 1688 1355 1755 Hal.
1386 1689 1425 1772 II,

279 1794 337 1854 221
368 1781 450 1878 μηδ
478 1787 535 1855 ἐντὶ
564 1794 786 1856 πανθοίνοιοι
814 1785 890 1853 νόον
918 1791 1077 1875 τέρποιτο
1103 1787 1299 1876 τραπέζαις;
1323 1810 1426 1873 neque

364 2029 388 2090 i)
405 2026 431 2078 A
448 2024 576 2092 praebet:
598 2021 677 2096 μωρὰ
696 2020 726 2075 δὲ
744 2028 846 2090 ποίμνη
864 2026 909 2074 καὶ
927 2019 962 2074 τὰ
979 2017 1065 2076 πάντ’
1085 2019 1260 2097 ἄβληχρώὸης
1283 2025 1343 2090 (sed
1360 2040 1423 2096 apo·

277 2109 405 2176 strophas
428 2112 456 2161 et
478 2107 589 2176 spiritus
613 2107 712 2162 adiecti
734 2113 798 2162 sunt
815 2122 897 2160 manu
914 2107 1088 2174 recentiore),
1110 2107 1142 2161 S:
1167 2107 1258 2182 pupis
1276 2105 1306 2162 δὲ
1323 2116 1424 2178 ποιμην

277 2198 322 2246 καὶ
346 2189 379 2244 τὰ
403 2187 494 2244 πάντα
517 2187 666 2258 βληχώδηο.
701 2191 897 2246 Boirsonadius
920 2191 1020 2248 codicis
1042 2191 1069 2244 Δ
1091 2193 1254 2262 scripturam
1279 2197 1372 2249 seruat
1398 2201 1423 2248 et

278 2276 377 2331 Suidae
400 2275 484 2329 uerba
501 2271 545 2329 ‘ad
567 2276 751 2331 recensionem
773 2275 853 2330 aliam
876 2273 1024 2345 pertinere'
1043 2280 1123 2346 putat
1140 2272 1263 2347 ‘eamque
1280 2279 1422 2343 meliorem,

276 2363 304 2415 in
327 2377 381 2430 qua
402 2359 503 2414 fuerint
526 2361 650 2431 opilionis
673 2355 789 2430 partes’3
815 2361 907 2415 similis
925 2361 1084 2429 Hertzbergi
1108 2367 1150 2416 est
1168 2366 1303 2418 sententia
1319 2380 1345 2432 p.
1364 2368 1421 2428 209,

276 2447 328 2502 nisi
347 2445 419 2515 quod
435 2445 554 2500 Athoam
571 2440 777 2500 ‘recensionem'
796 2461 847 2514 pro
866 2445 1036 2514 opinionibus
1054 2464 1081 2516 p.
1098 2451 1143 2500 191
1164 2449 1294 2517 expositis
1313 2449 1421 2502 alteram

276 2531 465 2600 melioremque
488 2546 546 2585 esse
569 2537 667 2586 censet.
703 2530 756 2585 Sed
779 2531 808 2584 in
829 2545 861 2585 ea
879 2545 959 2598 quam
976 2532 1002 2583 A
1019 2531 1102 2586 habet
1118 2531 1228 2586 fabulae
1244 2532 1332 2586 forma
1349 2533 1420 2587 nullo

276 2615 384 2672 omnino
407 2615 486 2670 modo
511 2615 592 2685 opilio
618 2631 698 2670 canes
719 2616 825 2670 mittere
842 2619 946 2685 potest,
966 2615 1000 2669 ef.
1018 2632 1043 2669 u.
1064 2621 1073 2668 1
1094 2616 1130 2668 εἰς
1148 2623 1281 2684 ποίμνην,
1310 2625 1323 2672 1
1342 2618 1420 2688 κριὸς,

276 2705 291 2754 9
308 2696 383 2755 dolo:
409 2701 496 2768 quode
514 2700 616 2755 errauit
634 2700 773 2754 Ηοι1τ5.1.
793 2715 813 2753 s.
832 2715 853 2754 s.
888 2700 984 2769 ltaque
1002 2700 1145 2756 uniuersae
1162 2701 1271 2756 fabulae
1288 2704 1419 2758 recensio·

274 2801 336 2840 nem
358 2787 440 2854 plane
463 2787 598 2841 diuersam
620 2785 670 2839 tibi
693 2783 779 2853 fingas
800 2799 910 2839 necesse
928 2788 981 2850 est,
1004 2785 1032 2838 in
1049 2801 1103 2853 qua
1120 2785 1155 2839 ad
1172 2787 1261 2854 ipsum
1279 2781 1420 2856 opilionem

274 2871 332 2940 lupi
344 2870 452 2926 nuntios
465 2870 587 2924 miserint
596 2871 713 2939 (qualem
724 2869 808 2923 habet
816 2868 902 2934 Pauli,
911 2863 1045 2938 ‘Schimpf
1051 2870 1107 2924 und
1116 2867 1210 2926 Ernot'
1223 2876 1273 2924 441
1283 2871 1418 2938 Oesterl.):

274 2956 333 3026 ipso
351 2962 441 3010 autem
460 2960 617 3022 argumento
635 2953 757 3008 funditus
776 2958 879 3008 mutato
898 2953 965 3008 duos
982 2953 1043 3009 illos
1061 2955 1211 3010 uersiculos
1235 2962 1344 3024 poetam
1367 2960 1419 3010 tam

275 3041 353 3096 anxie
375 3042 546 3094 seruaturum
567 3037 652 3093 luisse
674 3039 733 3107 quis
759 3039 867 3093 credet?
899 3039 1014 3094 Accedit
1032 3041 1104 3109 quod
1121 3055 1208 3108 neque
1225 3041 1253 3094 iu
1271 3042 1418 3110 paraphra-

274 3126 349 3180 sibus
367 3124 398 3176 F.
412 3123 543 3178 304=O.
554 3122 732 3176 238=Bodl
748 3123 789 3176 ed.
806 3123 912 3179 Knoell.
924 3128 955 3177 80
974 3123 1057 3192 opilio
1075 3124 1104 3178 in
1122 3139 1248 3179 scaenam
1265 3125 1357 3194 prodit
1374 3140 1417 3178 ne·

274 3209 373 3278 quein
391 3214 518 3277 quattuor
535 3205 635 3261 fabulis
654 3206 747 3262 similis
766 3208 915 3275 argumenti
933 3207 961 3262 G.
972 3212 1020 3262 231
1038 3207 1081 3270 (Η.
1093 3212 1160 3274 268).
1196 3209 1285 3277 Quare
1302 3208 1418 3264 dubitari

273 3293 366 3365 nequit
384 3294 448 3361 quin
465 3293 558 3360 inepta
576 3291 675 3346 Suidae
693 3293 777 3346 uerba
795 3307 828 3346 ex
847 3293 932 3347 Athoi
949 3293 1094 3361 aptissimis
1113 3299 1241 3363 corrupta
1259 3295 1315 3348 sint
1333 3291 1416 3365 (μωρὰ

273 3379 304 3434 δὲ
320 3385 435 3448 ποίμνη
452 3399 481 3445 μ.
491 3374 521 3429 δὲ
538 3382 642 3444 ποτμην
659 3391 763 3431 errore:
781 3375 873 3450 papis
890 3375 921 3430 δὲ
932 3382 1035 3446 τιοίμην
1047 3381 1221 3443 correctura).
1249 3379 1339 3448 Atque
1351 3379 1418 3434 sicut

273 3462 455 3534 discrepantia
478 3463 506 3515 iu
530 3461 620 3530 priore
641 3477 737 3515 uersus
760 3469 838 3530 parte
856 3462 955 3517 Suidae
977 3463 1099 3518 codicum
1122 3463 1188 3516 uitio
1209 3463 1353 3518 tribuenda
1370 3466 1416 3528 est,

271 3553 310 3607 ita
333 3553 361 3606 in
385 3546 535 3618 posteriore
558 3545 641 3600 Athoi
668 3547 843 3616 corruptelae.
887 3547 956 3602 Nam
982 3543 1159 3620 ἄβληχρώὸηι
1183 3547 1349 3602 adiectiuum
1375 3546 1416 3613 (ab

272 3633 404 3708 ἀβληχρὸς
426 3630 558 3696 infirmus)
582 3631 672 3685 locum
697 3645 753 3684 non
779 3631 874 3698 habet,
902 3633 949 3686 ubi
975 3648 1031 3687 non
1057 3633 1091 3687 de
1116 3631 1285 3698 infirmitate,
1313 3632 1361 3687 sed
1386 3631 1416 3686 de

271 3721 330 3775 sola
351 3717 467 3774 stultitia
490 3732 576 3772 sermo
601 3720 653 3784 ert3
681 3712 1097 3788 ριαο1οιοοᾶβληηρώδηεοοιι
1121 3717 1200 3772 modo
1225 3711 1271 3770 ἅπ.
1292 3715 1346 3789 lay.
1370 3721 1415 3780 est,

273 3805 321 3859 sed
338 3805 419 3858 etiam
436 3805 540 3860 ratione
558 3817 688 3874 peruersa
706 3801 799 3855 fiotum
817 3817 850 3855 ex
868 3801 1015 3856 adiectiuo:
1041 3802 1177 3856 adiectiua
1195 3801 1310 3855 enimin
1330 3797 1416 3864 -ώὸης

272 3898 315 3951 (=
329 3886 427 3956 οειδηι)
451 3905 500 3958 pro
524 3895 621 3944 natura
644 3902 694 3943 sua
718 3886 753 3941 ad
774 3887 945 3942 substantioe
969 3885 1056 3941 redire
1077 3885 1179 3953 solent,
1201 3901 1283 3954 quam
1299 3885 1414 3954 regulam

270 3973 396 4038 Babrins‚
415 3974 461 4042 qui
478 3974 584 4042 quidem
601 3973 675 4028 haud
691 3987 780 4042 pauca
797 3972 879 4028 habet
896 3975 924 4026 et
941 3971 985 4026 uel
1002 3971 1147 4038 rarissima,
1166 3985 1272 4038 semper
1288 3975 1414 4040 quantum

271 4057 328 4112 scio
347 4057 512 4123 obseruauit,
530 4057 565 4112 cf.
575 4073 598 4111 e.
607 4073 632 4124 g.
644 4062 699 4125 124,
713 4062 743 4111 18
760 4053 900 4129 δροσώδης
913 4053 1035 4128 (δρόσος),
1053 4059 1137 4122 95,18
1153 4051 1286 4124 liupoldus
1302 4052 1412 4122 (θυμός),

271 4146 355 4210 85,14
372 4137 513 4212 τεφρώδης
529 4145 644 4212 (τέφρα).
